
@article{lu2019,
author = {Lu, Mingquan and Li, Wenyi and Yao, Zheng and Cui, Xiaowei},
title = {Overview of BDS III new signals},
journal = {NAVIGATION},
volume = {66},
number = {1},
pages = {19-35},
doi = {https://doi.org/10.1002/navi.296},
url = {https://www.ion.org/publications/abstract.cfm?articleID=102798},
eprint = {https://onlinelibrary.wiley.com/doi/pdf/10.1002/navi.296},
abstract = {Abstract With the completion of the experimental and regional phases, China's BeiDou Navigation Satellite System (BDS) is being speedily expanded to a global and multifunctional satellite navigation system, BDS III. Confronted with challenges such as limited frequency resources and diversified user requirements, new signals with novel modulation techniques are adopted in BDS III. In addition to the legacy B1I and B3I signals, new open service signals, B1C and B2a/B2b, as well as some new authorized service signals, will be broadcast by BDS III satellites. Among them, B1C and B2a are compatible and interoperable with GPS and Galileo. The modulation techniques and the detailed signal structures of B1C and B2a are introduced in this paper, along with analysis of the initial in-orbit test results of the new signals.},
year = {2019}
}

@inproceedings{liu2016,
author   = {Liu, Zhen and Shen, Jiannan and Yao, Zheng and Lu, Mingquan and Zhao, Yongjun},
title    = {{The Ziv-Zakai Bound for Time-Of-Arrival Estimation of New Generation GNSS Signals}},
booktitle= {{Proceedings of the 2016 International Technical Meeting of The Institute of Navigation}},
location = {{Monterey, California, USA}},
year     = {January 2016},
pages    = {639-646},
keywords = {signal},
doi      = {{https://doi.org/10.33012/2016.13402}},
url      = {{https://www.ion.org/publications/abstract.cfm?articleID=13402}},
}

@inproceedings{guo2014,
author   = {{Guo, Fu and Yao, Zheng and Lu, Mingquan and Zhou, Hengwei}},
title    = {{Performance Comparison of Existing Dual-frequency Constant-Envelope Modulations}},
booktitle= {{Proceedings of the 2016 International Technical Meeting of The Institute of Navigation}},
location = {{Monterey, California, USA}},
year     = {January 2016},
pages    = {948-955},
doi      = {https://doi.org/10.33012/2016.13396},
keywords = {signal},
url      = {{https://www.ion.org/publications/abstract.cfm?articleID=13396}},
}

@inproceedings{guo2016,
author   = {{Guo, Fu and Yao, Zheng and Lu, Mingquan}},
title    = {{Orthogonality-based Constant Envelope Multiplexing}},
booktitle= {{Proceedings of the 27th International Technical Meeting of the Satellite Division of The Institute of Navigation (ION GNSS+ 2014)}},
location = {{Tampa, Florida, USA}},
year     = {September 2014},
pages    = {3163-3173},
doi      = {},
keywords = {signal},
url      = {{https://www.ion.org/publications/abstract.cfm?articleID=12398}},
}

@inproceedings{zhang2012,
author   = {{Zhang, X.M. and Zhang, X. and Yao, Z. and Lu, M.}},
title    = {{Implementation of Constant Envelope Multiplexing Based on Extended Interplex and Inter-Modulation Construction Method}},
booktitle= {{Proceedings of the 25th International Technical Meeting of the Satellite Division of The Institute of Navigation (ION GNSS 2012)}},
location = {{Nashville, TN}},
year     = {September 2012},
pages    = {893-900},
doi      = {},
keywords = {signal},
url      = {{https://www.ion.org/publications/abstract.cfm?articleID=10302}},
}

@inproceedings{zhang2014,
author   = {{Zhang, J. and Yao, Z. and Lu, M.}},
title    = {{Applications and Low-complexity Implementation of ACE-BOC Multiplexing}},
booktitle= {{Proceedings of the 2014 International Technical Meeting of The Institute of Navigation}},
location = {{San Diego, California}},
year     = {January 2014},
pages    = {781-791},
doi      = {},
keywords = {signal},
url      = {{https://www.ion.org/publications/abstract.cfm?articleID=11552}},
}

@inproceedings{zhang2016,
author   = {{Zhang, Jiayi and Yao, Zheng and Shen, Jun and Lu, Mingquan}},
title    = {{On the Inherent Tracking Error Caused by CEM and Imperfect Spreading Code of GNSS Signal}},
booktitle= {{Proceedings of the 29th International Technical Meeting of the Satellite Division of The Institute of Navigation (ION GNSS+ 2016)}},
location = {{Portland, Oregon}},
year     = {September 2016},
pages    = {2808-2815},
doi      = {https://doi.org/10.33012/2016.14807},
keywords = {signal},
url      = {{https://www.ion.org/publications/abstract.cfm?articleID=14807}},
}

@inproceedings{zhou2016,
author   = {{Zhou, Hengwei and Yao, Zheng and Lu, Mingquan}},
title    = {{A Quasi-Coherent Receiving Algorithm and its Performance Verification for Composite Signals of Next Generation GNSS}},
booktitle= {{Proceedings of the 2016 International Technical Meeting of The Institute of Navigation}},
location = {{Monterey, California}},
year     = {January 2016},
pages    = {591-599},
doi      = {https://doi.org/10.33012/2016.13438},
keywords = {signal},
url      = {{https://www.ion.org/publications/abstract.cfm?articleID=13438}},
}

@inproceedings{zhu2014,
author   = {{Zhu, Y. and Yao, Z. and Cui, X. and Lu, M.}},
title    = {{Comparative Analysis of Dual-Frequency Constant Envelop Multiplexing Techniques for ARNS Band}},
booktitle= {{Proceedings of the 2014 International Technical Meeting of The Institute of Navigation}},
location = {{San Diego, California}},
year     = {January 2014},
pages    = {792-801},
doi      = {},
keywords = {signal},
url      = {{https://www.ion.org/publications/abstract.cfm?articleID=11553}},
}

@inproceedings{yao2011,
author   = {{Yao, Z. and Lu, M.}},
title    = {{Side-peaks Cancellation Analytic Design Framework with Applications in BOC Signals Unambiguous Processing}},
booktitle= {{Proceedings of the 2011 International Technical Meeting of The Institute of Navigation}},
location = {{San Diego, California, USA}},
year     = {January 2011},
pages    = {775-785},
doi      = {},
keywords = {signal},
url      = {{https://www.ion.org/publications/abstract.cfm?articleID=9523}},
}

@inproceedings{yao2011_2,
author   = {{Yao, Zheng and Lu, Mingquan}},
title    = {{Optimized Modulation for Compass B1-C Signal with Multiple Processing Modes}},
booktitle= {{Proceedings of the 24th International Technical Meeting of the Satellite Division of The Institute of Navigation (ION GNSS 2011)}},
location = {{Portland, OR, USA}},
year     = {September 2011},
pages    = {1234-1242},
doi      = {},
keywords = {signal},
url      = {{https://www.ion.org/publications/abstract.cfm?articleID=9681}},
}

@inproceedings{yao2013,
author   = {{Yao, Zheng and Lu, Mingquan}},
title    = {{Constant Envelope Combination for Components on Different Carrier Frequencies with Unequal Power Allocation}},
booktitle= {{Proceedings of the 2013 International Technical Meeting of The Institute of Navigation}},
location = {{San Diego, California, USA}},
year     = {January 2013},
pages    = {629-637},
doi      = {},
keywords = {signal},
url      = {{https://www.ion.org/publications/abstract.cfm?articleID=10838}},
}

@inproceedings{yao2017,
author   = {{Yao, Zheng and Ma, Junjie and Zhang, Jiayi and Lu, Mingquan}},
title    = {{Multicarrier Constant Envelope Composite Signal - A Solution to the Next Generation Satellite Navigation Signals}},
booktitle= {{Proceedings of the 30th International Technical Meeting of the Satellite Division of The Institute of Navigation (ION GNSS+ 2017)}},
location = {{Portland, Oregon}},
year     = {September 2017},
pages    = {1520-1533},
doi      = {https://doi.org/10.33012/2017.15372},
keywords = {signal},
url      = {{https://www.ion.org/publications/abstract.cfm?articleID=15372}},
}

@article{wang2020,
author = {Wang, Tengfei and Yao, Zheng and Lu, Mingquan},
title = {Mesh topology based clock synchronization technique for pseudolite systems},
journal = {NAVIGATION},
volume = {67},
number = {3},
pages = {619-632},
keywords = {clock synchronization, Kalman filter, mesh topology, pseudolite},
doi = {https://doi.org/10.1002/navi.383},
url = {https://www.ion.org/publications/abstract.cfm?articleID=102874},
eprint = {https://onlinelibrary.wiley.com/doi/pdf/10.1002/navi.383},
abstract = {Abstract Clock synchronization is critical for synchronous pseudolite systems. Wireless synchronization methods are desirable for their flexibility in system deployment, and most of them build a tree topology of time information flow based on master-slave synchronization between pseudolites. A slave pseudolite can receive signals broadcast by multiple pseudolites; however, existing methods usually utilize one signal and ignore others in which the time information could improve synchronization precision and reliability. We present a mesh topology based clock synchronization (MTCS) technique by utilizing all received signals. MTCS builds a mesh topology of time information flow, which can keep synchronization in case of link interruption or pseudolite failure. The coupling relationship of slave clocks is derived, and the influence of measurement biases is analyzed. As shown by both analysis and simulations, MTCS has better clock synchronization precision. When link interruption or pseudolite failures occur, MTCS is more robust than tree topology basedÂ methods.},
year = {2020}
}

@inproceedings{pratt2002,
author   = {Pratt, A.R},
title    = {{A New Class of Spreading Codes Exhibiting Low Cross-Correlation Properties}},
booktitle= {{Proceedings of the 15th International Technical Meeting of the Satellite Division of The Institute of Navigation (ION GPS 2002)}},
location = {{Portland, OR, USA}},
year     = {September 2002},
pages    = {1554-1564},
doi      = {},
keywords = {signal},
url      = {{https://www.ion.org/publications/abstract.cfm?articleID=2167}},
}

@inproceedings{pratt2005,
author   = {Pratt, A.R. and Owen, J.I.R.},
title    = {{Signal Multiplex Techniques in Satellite Channel Availability Possible Applications to Galileo}},
booktitle= {{Proceedings of the 18th International Technical Meeting of the Satellite Division of The Institute of Navigation (ION GNSS 2005)}},
location = {{Long Beach, CA, USA}},
year     = {September 2005},
pages    = {2448-2460},
doi      = {},
keywords = {signal, multiplexing},
url      = {{https://www.ion.org/publications/abstract.cfm?articleID=6452}},
}

Pratt, Anthony R., "," , , September 2002, pp. .

@inproceedings{avila2006,
author   = {Avila-Rodriguez, J.A. and Wallner, S. and Hein, G.W.},
title    = {{How to Optimize GNSS Signals and Codes for Indoor Positioning}},
booktitle= {{Proceedings of the 19th International Technical Meeting of the Satellite Division of The Institute of Navigation (ION GNSS 2006)}},
location = {{Fort Worth, TX, USA}},
year     = {September 2006},
pages    = {2418-2426},
doi      = {},
keywords = {signal, indoor},
url      = {{https://www.ion.org/publications/abstract.cfm?articleID=6766}},
}

@inproceedings{avila2006_2,
author   = {Avila-Rodriguez and J.A., Pany, T. and Hein, G.W.},
title    = {{Bounds on Signal Performance Regarding Multipath-estimating Discriminators}},
booktitle= {{Proceedings of the 19th International Technical Meeting of the Satellite Division of The Institute of Navigation (ION GNSS 2006)}},
location = {{Fort Worth, TX, USA}},
year     = {September 2006},
pages    = {1710-1722},
doi      = {},
keywords = {signal, indoor},
url      = {{https://www.ion.org/publications/abstract.cfm?articleID=6767}},
}

@inproceedings{wallner2007,
author   = {Wallner, Stefan and Avila-Rodriguez, Jose-Angel and Hein, Guenter W. and Rushanan, Joseph J.},
title    = {{Galileo E1 OS and GPS L1C Pseudo Random Noise Codes - Requirements, Generation, Optimization and Comparison}},
booktitle= {{Proceedings of the 20th International Technical Meeting of the Satellite Division of The Institute of Navigation (ION GNSS 2007)}},
location = {{Fort Worth, TX, USA}},
year     = {September 2007},
pages    = {1549-1563},
doi      = {},
keywords = {signal},
url      = {{https://www.ion.org/publications/abstract.cfm?articleID=7359}},
}

@inproceedings{avila2007,
author   = {Avila-Rodriguez, Jose-Angel and Wallner, Stefan and Hein, Guenter W. and Eissfeller, Bernd and Irsigler, Markus and Issler, Jean-Luc},
title    = {{A Vision on New Frequencies, Signals and Concepts for Future GNSS Systems}},
booktitle= {{Proceedings of the 20th International Technical Meeting of the Satellite Division of The Institute of Navigation (ION GNSS 2007)}},
location = {{Fort Worth, TX, USA}},
year     = {September 2007},
pages    = {517-534},
doi      = {},
keywords = {signal},
url      = {{https://www.ion.org/publications/abstract.cfm?articleID=7550}},
}

@article{avila2008,
author = {AVILA-RODRIGUEZ, JOSE-ANGEL and HEIN, GUENTER W. and WALLNER, STEFAN and ISSLER, JEAN-LUC and RIES, LIONEL and LESTARQUIT, LAURENT and LATOUR, ANTOINE de and GODET, JEREMIE and BASTIDE, FREDERIC and PRATT, TONY and OWEN, JOHN},
title = {The MBOC Modulation: The Final Touch to the Galileo Frequency and Signal Plan},
journal = {NAVIGATION},
volume = {55},
number = {1},
pages = {15-28},
doi = {https://doi.org/10.1002/j.2161-4296.2008.tb00415.x},
url = {https://onlinelibrary.wiley.com/doi/abs/10.1002/j.2161-4296.2008.tb00415.x},
eprint = {https://onlinelibrary.wiley.com/doi/pdf/10.1002/j.2161-4296.2008.tb00415.x},
abstract = {ABSTRACT: The road to the signals Galileo has today as a baseline has been tedious and long, but has followed a logic from the start. From the very beginning, one of the main challenges that Galileo set for itself was to offer three wide band signals, satisfying the requirements of mass market and pushing the potential performance to its natural limits. The historical Agreement of 2004 between the US and the EC impacted the initially planned signals but has intensified the cooperation between Galileo and GPS. The final touch to the Galileo signal plan was achieved in 2006 when the Working Group on GPS and Galileo Compatibility and Interoperability finally agreed upon the great interest in a new modulation for the E1/L1 frequency, namely the Multiplex Binary Offset Carrier. Galileo has thus accomplished the original objective of providing three wide band signals for the civilian GNSS community.},
year = {2008}
}

@inproceedings{avila2008_2,
author   = {Avila-Rodriguez, Jose-Angel and Wallner, Stefan and Won, Jong-Hoon and Eissfeller, Bernd and Schmitz-Peiffer , Andreas and Floch, Jean-Jacques and Colzi, Enrico and Gerner, Jean-Luc},
title    = {{Study on a Galileo Signal and Service Plan for C-band}},
booktitle= {{Proceedings of the 21st International Technical Meeting of the Satellite Division of The Institute of Navigation (ION GNSS 2008)}},
location = {{Savannah, GA, USA}},
year     = {September 2008},
pages    = {2515-2529},
doi      = {},
keywords = {signal},
url      = {{https://www.ion.org/publications/abstract.cfm?articleID=8155}},
}

@inproceedings{schmitz2008,
author   = {Schmitz-Peiffer, A. and Stopfkuchen, L. and Soualle, F. and Floch, J-J. and King, R. and Fernandez, A. and Jorgensen, R. and Eissfeller, B. and Avila-Rodriguez, J.-A. and Wallner, S. and Won, J-H. and Pany, T. and Anghileri, M. and Lankl, B. and Schuler, T. and Colzi, E.},
title    = {{Assessment on the use of C-Band for GNSS within the European GNSS Evolution Programme}},
booktitle= {{Proceedings of the 21st International Technical Meeting of the Satellite Division of The Institute of Navigation (ION GNSS 2008)}},
location = {{Savannah, GA, USA}},
year     = {September 2008},
pages    = {2189-2198},
doi      = {},
keywords = {signal},
url      = {{https://www.ion.org/publications/abstract.cfm?articleID=8121}},
}

@inproceedings{dafesh1999,
author   = {Dafesh, P. A. and Nguyen, T. M. and Lazar, S.},
title    = {{Coherent Adaptive Subcarrier Modulation (CASM) for GPS Modernization}},
booktitle= {{Proceedings of the 1999 National Technical Meeting of The Institute of Navigation)}},
location = {{San Diego, CA, USA}},
year     = {January 1999},
pages    = {649-660},
doi      = {},
keywords = {signal, multiplexing},
url      = {{https://www.ion.org/publications/abstract.cfm?articleID=717}},
}

@inproceedings{dafesh2000,
author   = {Dafesh, P.A. and Cooper, L. and Partridge, M.},
title    = {{Compatibility of the Interplex Modulation Method with C/A and P(Y) code Signals}},
booktitle= {{Proceedings of the 13th International Technical Meeting of the Satellite Division of The Institute of Navigation (ION GPS 2000)}},
location = {{Salt Lake City, UT, USA}},
year     = {September 2000},
pages    = {2122-2129},
doi      = {},
keywords = {signal, multiplexing},
url      = {{https://www.ion.org/publications/abstract.cfm?articleID=1629}},
}

@inproceedings{dafesh2009,
author   = {Dafesh, P.A. and Cahn, C.R.},
title    = {{Phase-Optimized Constant-Envelope Transmission (POCET) Modulation Method for GNSS Signals}},
booktitle= {{Proceedings of the 22nd International Technical Meeting of the Satellite Division of The Institute of Navigation (ION GNSS 2009)}},
location = {{Savannah, GA, USA}},
year     = {September 2009},
pages    = {2860-2866},
doi      = {},
keywords = {signal, multiplexing},
url      = {{https://www.ion.org/publications/abstract.cfm?articleID=8701}},
}

@inproceedings{dafesh2011,
author   = {Dafesh, P. A. and Bow, R. and Fan, T. and Hsu, J.},
title    = {{Receiver Compatibility of POCET Signal Combining}},
booktitle= {{Proceedings of the 2011 International Technical Meeting of The Institute of Navigation}},
location = {{San Diego, CA, USA}},
year     = {January 2011},
pages    = {1173-1180},
doi      = {},
keywords = {signal, multiplexing},
url      = {{https://www.ion.org/publications/abstract.cfm?articleID=9568}},
}

@inproceedings{wang2004,
author   = {Wang, G. H. and Lin, V. S. and Fan, T. and Maine, K. P. and Dafesh, P. A. and Myers, B.},
title    = {{Study of Signal Combining Methodologies for GPS III Flexible Navigation Payload}},
booktitle= {{Proceedings of the 17th International Technical Meeting of the Satellite Division of The Institute of Navigation (ION GNSS 2004)}},
location = {{Long Beach, CA, USA}},
year     = {September 2004},
pages    = {2207-2218},
doi      = {},
keywords = {signal, multiplexing},
url      = {{https://www.ion.org/publications/abstract.cfm?articleID=5904}},
}

@inproceedings{fan2005,
author   = {Fan, T. and Lin, V. S. and Wang, G. H. and Maine, K. P. and Dafesh, P. A.},
title    = {{The RF Compatibility of Flexible Navigation Signal Combining Methods}},
booktitle= {{Proceedings of the 2005 National Technical Meeting of The Institute of Navigation}},
location = {{San Diego, CA, USA}},
year     = {January 2005},
pages    = {810-818},
doi      = {},
keywords = {signal, multiplexing},
url      = {{https://www.ion.org/publications/abstract.cfm?articleID=6046}},
}

@inproceedings{fan2008,
author   = {Fan, T. and Lin, V.S. and Wang, G.H. and Dafesh, P.A.},
title    = {{Study of Signal Combining Methodologies for Future GPS Flexible Navigation Payload (Part II)}},
booktitle= {{Proceedings of IEEE/ION PLANS 2008}},
location = {{Monterey, CA, USA}},
year     = {May 2008},
pages    = {1079-1089},
doi      = {},
keywords = {signal, multiplexing},
url      = {{https://www.ion.org/publications/abstract.cfm?articleID=7919}},
}

@inproceedings{rebeyrol2005,
author   = {Rebeyrol, Emilie and Macabiau, Christophe and Lestarquit, Laurent and Ries, Lionel and Issler, Jean-Luc and Boucheret, Marie-Laure and Bousquet, Michel},
title    = {{BOC Power Spectrum Densities}},
booktitle= {{Proceedings of the 2005 National Technical Meeting of The Institute of Navigation)}},
location = {{San Diego, CA, USA}},
year     = {January 2005},
pages    = {769-778},
doi      = {},
keywords = {signal, BOC},
url      = {{https://www.ion.org/publications/abstract.cfm?articleID=6042}},
}

@inproceedings{rebeyrol2006,
author   = {Rebeyrol, E. and Macabiau, C. and Ries, L. and Issler, J-L. and Bousquet, M. and Boucheret, M-L.},
title    = {{Interplex Modulation for Navigation Systems at the L1 Band}},
booktitle= {{Proceedings of the 2006 National Technical Meeting of The Institute of Navigation)}},
location = {{Monterey, CA, USA}},
year     = {January 2006},
pages    = {100-111},
doi      = {},
keywords = {signal, BOC, AltBOC},
url      = {{https://www.ion.org/publications/abstract.cfm?articleID=6514}},
}

@inproceedings{rebeyrol2006_2,
author   = {Rebeyrol, E. and Macabiau, C. and Ries, L. and Issler, J-L. and Bousquet, M. and Boucheret, M-L.},
title    = {{Phase Noise in GNSS Transmission/Reception System}},
booktitle= {{Proceedings of the 2006 National Technical Meeting of The Institute of Navigation)}},
location = {{Monterey, CA, USA}},
year     = {January 2006},
pages    = {698-708},
doi      = {},
keywords = {signal, BOC},
url      = {{https://www.ion.org/publications/abstract.cfm?articleID=6574}},
}

@inproceedings{rebeyrol2006_3,
author   = {Rebeyrol, E. and Macabiau, C. and Julien, O. and Ries, L. and Issler, J-L. and Bousquet, M. and Boucheret, M-L.},
title    = {{Signal Distortions at GNSS Payload Level}},
booktitle= {{Proceedings of the 19th International Technical Meeting of the Satellite Division of The Institute of Navigation (ION GNSS 2006)}},
location = {{Fort Worth, TX, USA}},
year     = {September 2006},
pages    = {1595-1605},
doi      = {},
keywords = {signal, BOC, AltBOC},
url      = {{https://www.ion.org/publications/abstract.cfm?articleID=6850}},
}

@inproceedings{hein2006,
author   = {Hein, Guenter W. and Avila-Rodriguez, Jose-Angel and Wallner, Stefan and Pratt, Anthony R. and Owen, John and Issler, Jean-Luc and Betz, John W. and Hegarty, Chris J. and Lenahan, Sean and Rushanan, Joseph J. and Kraay, Andrea L. and Stansell, Thomas A.},
title    = {{MBOC: The New Optimized Spreading Modulation Recommended for GALILEO L1 OS and GPS L1C}},
booktitle= {{Proceedings of IEEE/ION PLANS 2006)}},
location = {{San Diego, CA, USA}},
year     = {April 2006},
pages    = {883-892},
doi      = {},
keywords = {signal, BOC, MBOC},
url      = {{https://www.ion.org/publications/abstract.cfm?articleID=6727}},
}

@inproceedings{hegarty2004,
author   = {Hegarty, Chris and Betz, John W. and Saidi, Ali},
title    = {{Binary Coded Symbol Modulations for GNSS}},
booktitle= {{Proceedings of the 60th Annual Meeting of The Institute of Navigation (2004)}},
location = {{Dayton, OH, USA}},
year     = {June 7 - 9, 2004},
pages    = {56â64},
doi      = {},
keywords = {signal, BOC, BPSK},
url      = {{https://www.ion.org/publications/abstract.cfm?articleID=5597}},
}

@inproceedings{hegarty2013,
author   = {Hegarty, Chris},
title    = {{Considerations for GPS Spectrum Interference Standards}},
booktitle= {{Proceedings of the 25th International Technical Meeting of the Satellite Division of The Institute of Navigation (ION GNSS 2012)}},
location = {{Nashville, TN, USA}},
year     = {September 2012},
pages    = {2921-2929},
doi      = {},
keywords = {signal},
url      = {{https://www.ion.org/publications/abstract.cfm?articleID=10470}},
}

@inproceedings{titus2004,
author   = {Titus, B.M. and Betz, J. and Hegarty, C. and Owen, R.},
title    = {{Intersystem and Intrasystem Interference Analysis Methodology}},
booktitle= {{Proceedings of the 16th International Technical Meeting of the Satellite Division of The Institute of Navigation (ION GPS/GNSS 2003)}},
location = {{Portland, OR, USA}},
year     = {September 2003},
pages    = {2061-2069},
doi      = {},
keywords = {signal},
url      = {{https://www.ion.org/publications/abstract.cfm?articleID=5391}},
}

@inproceedings{tran2003,
author   = {Tran, M. and Hegarty, C. and Van Dierendonck, A.J. and Morrissey, T.},
title    = {{SBAS L1/L5 Signal Design Options}},
booktitle= {{Proceedings of the 59th Annual Meeting of The Institute of Navigation and CIGTF 22nd Guidance Test Symposium (2003)}},
location = {{Albuquerque, NM, USA}},
year     = {June 2003},
pages    = {507-517},
doi      = {},
keywords = {signal},
url      = {{https://www.ion.org/publications/abstract.cfm?articleID=3885}},
}

@inproceedings{bartone2010,
author   = {Bartone, C. and Stansell, T.},
title    = {{Antenna Configurations for a C-Band Global Navigation Sattelite System}},
booktitle= {{Proceedings of the 23rd International Technical Meeting of the Satellite Division of The Institute of Navigation (ION GNSS 2010)}},
location = {{Portland, OR, USA}},
year     = {September 2010},
pages    = {2465-2476},
doi      = {},
keywords = {signal},
url      = {{https://www.ion.org/publications/abstract.cfm?articleID=9353}},
}

@inproceedings{mateu2009,
author   = {Mateu, I. and Boulanger, C. and Issler, J-L. and Ries, L. and Avila-Rodriguez, J-A. and Wallner, S. and Kraus, T. and Eissfeller, B. and Mulassano, P. and Germaine, S. and Guyomard, J-Y. and Bastide, F. and Godet, J. and Hayes, D. and Serant, D. and Thevenon, P. and Julien, O. and Hein, G.W.},
title    = {{Exploration of Possible GNSS Signals in S-band}},
booktitle= {{Proceedings of the 22nd International Technical Meeting of the Satellite Division of The Institute of Navigation (ION GNSS 2009)}},
location = {{Savannah, GA, USA}},
year     = {September 2009},
pages    = {1573-1587},
doi      = {},
keywords = {signal},
url      = {{https://www.ion.org/publications/abstract.cfm?articleID=8565}},
}

@Book{misraengeGPStextbook,
author    = {Misra, P. and Enge, P.},
title     = {{Global Positioning System: Signals, Measurement and Performance (Revised 2nd Edition)}},
publisher = {Ganga-Jamuna Press},
year      = {2011},
pages     = {570},
isbn      = {0-9709544-1-7},
language  = {russian},
}

@article{kupriyanovTropo2020,
  author   = {ÐÑÐ¿ÑÐ¸ÑÐ½Ð¾Ð², Ð.Ð. and ÐÑÐ·Ð½ÐµÑÐ¾Ð², Ð.Ð. and ÐÐ¾ÑÐ¾Ð·Ð¾Ð², Ð.Ð. and ÐÐµÐ²Ðµ Ð.Ð.},
  title    = {{Ð¢ÑÐ¾Ð¿Ð¾ÑÑÐµÑÐ½Ð°Ñ ÐºÐ¾ÑÑÐµÐºÑÐ¸Ñ ÑÐ°Ð´Ð¸Ð¾Ð´Ð°Ð»ÑÐ½Ð¾Ð¼ÐµÑÐ½ÑÑ Ð¸Ð·Ð¼ÐµÑÐµÐ½Ð¸Ð¹ Ñ Ð¿ÑÐ¸Ð¼ÐµÐ½ÐµÐ½Ð¸ÐµÐ¼ ÑÐ¸ÑÑÐ¾Ð²Ð¾Ð¹ Ð¼Ð¾Ð´ÐµÐ»Ð¸ Ð¼ÐµÑÐµÐ¾ÑÐ¾Ð»Ð¾Ð³Ð¸ÑÐµÑÐºÐ¸Ñ Ð´Ð°Ð½Ð½ÑÑ}},
  journal  = {ÐÐ·Ð². Ð²ÑÐ·Ð¾Ð² Â«ÐÐµÐ¾Ð´ÐµÐ·Ð¸Ñ Ð¸ Ð°ÑÑÐ¾ÑÐ¾ÑÐ¾ÑÑÐµÐ¼ÐºÐ°Â»},
  year     = {2020},
  volume   = {64},
  number   = {1},
  pages    = {15-24},
  doi      = {10.30533/0536-101X-2020-64-1-15-24},
  language = "russian",
}

@misc{mops229D, 
  title = {Minimum operational performance standards for global positioning system/wide area augmentation system airborne equipment, Document No. RTCA DO-229D, prepared by SC-159.},
  year = {December 13, 2006},
  language = {russian},
}

@MANUAL{NT1066, 
author={},
organization={{NTLab}}, 
title={{Multi-Channel GPS/CLONASS/Galileo/BeiDou/NavIC/QZSS S/L1/L2/L3/L5 bands RF Front-End IC}}, 
edition={{v0.9}},
note = "{\url{http://ntlab.com/IP/NT1066/NT1066_LE_DS_v0.9.pdf}}",
month={ÐÑÐ»Ñ},
year={2019},
language="russian",
}

@MANUAL{AD9361, 
author={},
organization={{Analog Devices}}, 
title={{AD9361 RF Agile Transceiver}}, 
edition={{Rev.F}},
note = "{\url{https://www.analog.com/media/en/technical-documentation/data-sheets/AD9361.pdf}}",
month={ÐÐ¾ÑÐ±ÑÑ},
year={2016},
language="russian",
}

@MANUAL{nvsbinrspec, 
  author={}, 
  organization={{NVS Technologies AG}}, 
  title={{{BINR} Interface Protocol Specification. Ver. 1.3 {ENG}}}, 
  month={August}, 
  year={2012},
}

@MANUAL{geosbinrspec, 
  author={}, 
  organization={{ÐÐÐ ÐÐ¦ Â«ÐÐµÐ¾Ð¡ÑÐ°Ñ Ð½Ð°Ð²Ð¸Ð³Ð°ÑÐ¸ÑÂ», ÐÐ¾ÑÐºÐ²Ð°}}, 
  title={{ÐÐ¾Ð´ÑÐ»Ð¸ ÐÐµÐ¾Ð¡. ÐÐ¸Ð½Ð°ÑÐ½ÑÐ¹ Ð¿ÑÐ¾ÑÐ¾ÐºÐ¾Ð» Ð¾Ð±Ð¼ÐµÐ½Ð°. ÐÐµÑÑÐ¸Ñ 3.0.}}, 
  month={}, 
  year={2015},
  language =     "russian",
}


@MANUAL{ubloxG7020DS, 
author={}, 
organization={{u-blox Holding AG}}, 
title={{UBX-G7020-KT/KA u-blox 7 GPS/GNSS chips Data Sheet}},
edition={{GPS.G7-HW-12001-1}},
month={27 January}, 
year={2012},
}

@MANUAL{ubloxbinrspec, 
author={}, 
organization={{u-blox Holding AG}}, 
title={{u-blox 8 / u-blox M8 Receiver Description Including Protocol Specification v15-20.30,22-23.01}},
edition={{UBX-13003221 - R15}},
month={6 March}, 
year={2018},
}

@MANUAL{rtklibman, 
author={Tomoji Takasu}, 
organization={{Tokyo Univ. of Marine Science and Technology}}, 
title={{RTKLIB Manual}},
edition={{2.4.2}},
month={March 29}, 
year={2013},
}

@TECHREPORT{rinex211, 
author={Werner Gurtner and Lou Estey}, 
institution={{Astronomical Institute University of Berne, UNAVCO Boulder, Co.}},
title={{RINEX: The Receiver Independent Exchange Format Version 2.11}}, 
month={10 December}, 
year={2007}
}

@TECHREPORT{rinex303_update1, 
author={Werner Gurtner and Lou Estey}, 
institution={{International GNSS Service}},
title={{RINEX The Receiver Independent Exchange Format Version 3.03, Update 1}}, 
month={31 January}, 
year={2018}
}

@MANUAL{agilent2010, 
author={},
organization={{Agilent}}, 
title={{Fundamentals of RF and Microwave Noise Figure Measurements (PDF)}}, 
edition={{Application Note 57-1}},
note = {Available at \url{http://cp.literature.agilent.com/litweb/pdf/5952-8255E.pdf}},
month={August 5},
year={2010},
}

@MANUAL{ITUFreeSpaceLoss, 
author={},
organization={{ITU}}, 
title={{Calculation of free-space attenuation}}, 
edition={{P.525-3}},
note = {Available at \url{https://www.itu.int/rec/R-REC-P.525}},
month={November},
year={2016},
}

@book{GLONASS2010,
  author = "ÐÐµÑÐ¾Ð², Ð. Ð. and Ð¥Ð°ÑÐ¸ÑÐ¾Ð², Ð. Ð. and ÐÐ°ÐºÐ¸ÑÑÐºÐ¾, Ð . Ð. and ÐÐ¾Ð»Ð´ÐµÐ½ÐºÐ¾Ð², Ð. Ð. and ÐÑÐ»Ð°Ð²ÑÐºÐ¸Ð¹, Ð. Ð¢. and ÐÐ²Ð¾ÑÐºÐ¸Ð½, Ð. Ð. and ÐÑÐ¸Ð¼ÐµÐ½ÐºÐ¾, Ð. Ð¡. and ÐÐ¾ÑÐµÐ½ÐºÐ¾, Ð. Ð. and ÐÐ°ÑÑÐ¾Ð², Ð. Ð¯. and ÐÐµÑÑÐºÐ¾Ð², Ð. Ð. and Ð¢ÑÐ±Ð°Ð»Ð¸Ð½, Ð. Ð. and Ð£ÑÐ»Ð¸ÑÐ¸Ñ, Ð®. Ð. and Ð§ÐµÐ±Ð¾ÑÐ°ÑÐµÐ², Ð. Ð. and Ð¨Ð°ÑÐ¸Ð»Ð¾Ð², Ð. Ð®.",
  title = "ÐÐÐÐÐÐ¡Ð¡. ÐÑÐ¸Ð½ÑÐ¸Ð¿Ñ Ð¿Ð¾ÑÑÑÐ¾ÐµÐ½Ð¸Ñ Ð¸ ÑÑÐ½ÐºÑÐ¸Ð¾Ð½Ð¸ÑÐ¾Ð²Ð°Ð½Ð¸Ñ. â Ð¸Ð·Ð´. 4-Ðµ, Ð¿ÐµÑÐµÑÐ°Ð±. Ð¸ Ð´Ð¾Ð¿.",
  publisher = "Ð.: Ð Ð°Ð´Ð¸Ð¾ÑÐµÑÐ½Ð¸ÐºÐ°",
  year = "2010",
  numpages = "800",
  language = "russian",
}

@book{perov12opsvsrns,
  author = "ÐÐµÑÐ¾Ð², Ð. Ð.",
  title = "ÐÐµÑÐ¾Ð´Ñ Ð¸ Ð°Ð»Ð³Ð¾ÑÐ¸ÑÐ¼Ñ Ð¾Ð¿ÑÐ¸Ð¼Ð°Ð»ÑÐ½Ð¾Ð³Ð¾ Ð¿ÑÐ¸ÐµÐ¼Ð° ÑÐ¸Ð³Ð½Ð°Ð»Ð¾Ð² Ð² Ð°Ð¿Ð¿Ð°ÑÐ°ÑÑÑÐµ Ð¿Ð¾ÑÑÐµÐ±Ð¸ÑÐµÐ»ÐµÐ¹ ÑÐ¿ÑÑÐ½Ð¸ÐºÐ¾Ð²ÑÑ ÑÐ°Ð´Ð¸Ð¾Ð½Ð°Ð²Ð¸Ð³Ð°ÑÐ¸Ð¾Ð½Ð½ÑÑ ÑÐ¸ÑÑÐµÐ¼",
  publisher = "Ð.: Ð Ð°Ð´Ð¸Ð¾ÑÐµÑÐ½Ð¸ÐºÐ°",
  year = "2012",
  numpages = "240",
  language =     "russian",
}

@book{perov12osnpostrsrns,
 author = "ÐÐµÑÐ¾Ð², Ð. Ð.",
 title = "ÐÑÐ½Ð¾Ð²Ñ Ð¿Ð¾ÑÑÑÐ¾ÐµÐ½Ð¸Ñ ÑÐ¿ÑÑÐ½Ð¸ÐºÐ¾Ð²ÑÑ ÑÐ°Ð´Ð¸Ð¾Ð½Ð°Ð²Ð¸Ð³Ð°ÑÐ¸Ð¾Ð½Ð½ÑÑ ÑÐ¸ÑÑÐµÐ¼",
 publisher = "Ð.: Ð Ð°Ð´Ð¸Ð¾ÑÐµÑÐ½Ð¸ÐºÐ°",
 year = "2012",
 numpages = "240",
  language =     "russian",
}

@ARTICLE{nyquist1928, 
author = {Nyquist, H.},
title = {{Thermal Agitation of Electric Charge in Conductors}}, 
note = {Available at \url{https://journals.aps.org/pr/abstract/10.1103/PhysRev.32.110}},
journal = {Phys. Rev. 32 (110)},
year = {1928},
}

@article{lipa2012dvyxet,
  author = "ÐÐ¸Ð¿Ð°, Ð. Ð. and ÐÐ¾Ð»Ð´ÐµÐ½ÐºÐ¾Ð², Ð. Ð.",
  title = "ÐÐ½Ð°Ð»Ð¸Ð· ÑÑÑÐµÐºÑÐ¸Ð²Ð½Ð¾ÑÑÐ¸ Ð´Ð²ÑÑÑÑÐ°Ð¿Ð½Ð¾Ð¹ Ð¿ÑÐ¾ÑÐµÐ´ÑÑÑ Ð¿Ð¾Ð¸ÑÐºÐ° Ð½Ð°Ð²Ð¸Ð³Ð°ÑÐ¸Ð¾Ð½Ð½Ð¾Ð³Ð¾ ÑÐ°Ð´Ð¸Ð¾ÑÐ¸Ð³Ð½Ð°Ð»Ð°",
  journal = "Ð Ð°Ð´Ð¸Ð¾ÑÐµÑÐ½Ð¸ÐºÐ°",
  publisher = "Ð.: Ð Ð°Ð´Ð¸Ð¾ÑÐµÑÐ½Ð¸ÐºÐ°",
  number = "6",
  pages = "148-154",
  year = "2012",
  language =     "russian",
}

@misc{GNSSPlanningOnline,
  author = {Trimble},
  title = {{GNSS Planning Online}},
  howpublished = {\url{https://www.gnssplanningonline.com}},
  note = {Accessed: 2018-12-02}
}

@MANUAL{quectelL86, 
author={}, 
organization={{Quectel Wireless Solutions Co., Ltd.}}, 
title={{Quectel L86 Brochure}},
edition={{}},
month={}, 
year={2015},
}


@inproceedings{betz1999,
  author   =     {Betz, J. W.},
  title    =     {{The Offset Carrier Modulation for GPS Modernization}},
  booktitle=     {{Proceedings of the 1999 National Technical Meeting of The Institute of Navigation}},
  pages    =     {639--648},
  location =     {{San Diego, CA}},
  year     =     {January 1999},
  doi      =     {},
  keywords =     {BOC, Mcode},
  url      =     {{https://www.ion.org/publications/abstract.cfm?articleID=716}},
}

@inproceedings{betz2000,
  author   =     {Betz, J. W.},
  title    =     {{Overview of the GPS M code signal}},
  booktitle=     {{The Mitre Corporation}},
  pages    =     {},
  location =     {},
  year     =     {May 2000},
  keywords =     {BOC, Mcode},
}

@article{betz2001,
  author   =     {Betz, J. W.},
  title    =     {{Binary Offset Carrier modulations for radionavigation}},
  journal  =     {Navigation},
  publisher=     {{Journal of the Institute of Navigation}},
  volume   =     {48(4)},
  pages    =     {227--246},
  year     =     {2001},
  language =     {russian},
  keywords =     {BOC, Mcode},
}

@inproceedings{betz2002,
  author   =     {Betz, John W. and Goldstein, David B.},
  title    =     {{Candidate Designs for an Additional Civil Signal in GPS Spectral Bands}},
  booktitle=     {{Proceedings of the 2002 National Technical Meeting of The Institute of Navigation}},
  pages    =     {622-631},
  location =     {{San Diego, CA, US}},
  year     =     {January 2002},
  doi      =     {},
  keywords =     {signal},
  url      =     {{https://www.ion.org/publications/abstract.cfm?articleID=256}},
}

@inproceedings{betz2010,
  author   =     {Betz, J. W.},
  title    =     {{On the Power Spectral Density of GNSS Signals, with Applications}},
  booktitle=     {{Proceedings of the 2010 International Technical Meeting of The Institute of Navigation}},
  pages    =     {859-871},
  location =     {{San Diego, CA, US}},
  year     =     {January 2010},
  doi      =     {},
  keywords =     {signal},
  url      =     {{https://www.ion.org/publications/abstract.cfm?articleID=8867}},
}

@inproceedings{betz2013,
  author   =     {Betz, J. W.},
  title    =     {{Signal Structures for Satellite-Based Navigation: Past, Present, and Future}},
  booktitle=     {{Proceedings of the ION 2013 Pacific PNT Meeting}},
  pages    =     {131-137},
  location =     {{Honolulu, Hawaii, US}},
  year     =     {April 2013},
  doi      =     {},
  keywords =     {signal},
  url      =     {{https://www.ion.org/publications/abstract.cfm?articleID=10969}},
}

@article{betz2019,
author = {Betz, John W. and Lu, Mingquan and Morton, Y. T. Jade and Yang, Yuanxi},
title = {Introduction to the special issue on the BeiDou navigation system},
journal = {NAVIGATION},
volume = {66},
number = {1},
pages = {3-5},
doi = {https://doi.org/10.1002/navi.293},
url = {https://onlinelibrary.wiley.com/doi/abs/10.1002/navi.293},
eprint = {https://onlinelibrary.wiley.com/doi/pdf/10.1002/navi.293},
year = {2019}
}

@article{wang2013,
  author   =     {T. Wang and Y. Shen and S. Mazuelas and H. Shin and M. Z. Win},
  title    =     {{On OFDM Ranging Accuracy in Multipath Channels}},
  journal  =     {IEEE Systems Journal},
  publisher=     {{IEEE}},
  volume   =     {PP no. 99},
  pages    =     {1--11},
  year     =     {2013},
  language =     {russian},
  keywords =     {CRB, OFDM},
}

@Book{shatilov2015signals,
  title     =    {{Ð¥Ð°ÑÐ°ÐºÑÐµÑÐ¸ÑÑÐ¸ÐºÐ¸ ÑÐ°Ð´Ð¸Ð¾ÑÐ¸Ð³Ð½Ð°Ð»Ð¾Ð² Ð³Ð»Ð¾Ð±Ð°Ð»ÑÐ½ÑÑ ÑÐ¿ÑÑÐ½Ð¸ÐºÐ¾Ð²ÑÑ ÑÐ°Ð´Ð¸Ð¾Ð½Ð°Ð²Ð¸Ð³Ð°ÑÐ¸Ð¾Ð½Ð½ÑÑ ÑÐ¸ÑÑÐµÐ¼ ÐÐÐÐÐÐ¡Ð¡, GPS, Galileo, Beidou Ð¸ ÑÑÐ½ÐºÑÐ¸Ð¾Ð½Ð°Ð»ÑÐ½ÑÑ Ð´Ð¾Ð¿Ð¾Ð»Ð½ÐµÐ½Ð¸Ð¹ {SBAS}}},
  publisher =    {ÐÐ·Ð´-Ð²Ð¾ ÐÐ­Ð},
  year      =    {2015},
  author    =    {Ð¨Ð°ÑÐ¸Ð»Ð¾Ð² Ð.Ð®.},  
  language =     "russian",  
}
  
@book{perov10glonass,
  author    = "ÐÐµÑÐ¾Ð², Ð. Ð. and Ð¥Ð°ÑÐ¸ÑÐ¾Ð², Ð. Ð",
  title     = "ÐÐÐÐÐÐ¡Ð¡. ÐÑÐ¸Ð½ÑÐ¸Ð¿Ñ Ð¿Ð¾ÑÑÑÐ¾ÐµÐ½Ð¸Ñ Ð¸ ÑÑÐ½ÐºÑÐ¸Ð¾Ð½Ð¸ÑÐ¾Ð²Ð°Ð½Ð¸Ñ. â Ð¸Ð·Ð´. 4-Ðµ, Ð¿ÐµÑÐµÑÐ°Ð±. Ð¸ Ð´Ð¾Ð¿.",
  publisher = "Ð.: Ð Ð°Ð´Ð¸Ð¾ÑÐµÑÐ½Ð¸ÐºÐ°",
  year      = "2010",
  numpages  = "800",
  language =     "russian",
}

@misc{glnICDFDMA, 
  title = {ÐÐÐÐÐÐ¡Ð¡. ÐÐ½ÑÐµÑÑÐµÐ¹ÑÐ½ÑÐ¹ ÐºÐ¾Ð½ÑÑÐ¾Ð»ÑÐ½ÑÐ¹ Ð´Ð¾ÐºÑÐ¼ÐµÐ½Ñ. ÐÐ°Ð²Ð¸Ð³Ð°ÑÐ¸Ð¾Ð½Ð½ÑÐ¹ ÑÐ°Ð´Ð¸Ð¾ÑÐ¸Ð³Ð½Ð°Ð» Ð² Ð´Ð¸Ð°Ð¿Ð°Ð·Ð¾Ð½Ð°Ñ {L1}, {L2}},
  note = {(\url{http://russianspacesystems.ru/wp-content/uploads/2016/08/ICD_GLONASS_rus_v5.1.pdf})},
  year = "2010",
  language =     "russian",
}

@misc{glnICDL1OC, 
  title = {ÐÐÐÐÐÐ¡Ð¡. ÐÐ½ÑÐµÑÑÐµÐ¹ÑÐ½ÑÐ¹ ÐºÐ¾Ð½ÑÑÐ¾Ð»ÑÐ½ÑÐ¹ Ð´Ð¾ÐºÑÐ¼ÐµÐ½Ñ. ÐÐ°Ð²Ð¸Ð³Ð°ÑÐ¸Ð¾Ð½Ð½ÑÐ¹ ÑÐ°Ð´Ð¸Ð¾ÑÐ¸Ð³Ð½Ð°Ð» Ð¾ÑÐºÑÑÑÐ¾Ð³Ð¾ Ð´Ð¾ÑÑÑÐ¿Ð° Ñ ÐºÐ¾Ð´Ð¾Ð²ÑÐ¼ ÑÐ°Ð·Ð´ÐµÐ»ÐµÐ½Ð¸ÐµÐ¼ Ð² Ð´Ð¸Ð°Ð¿Ð°Ð·Ð¾Ð½Ðµ {L1}},
  note = {(\url{http://russianspacesystems.ru/wp-content/uploads/2016/08/IKD-L1-s-kod.-razd.-Red-1.0-2016.pdf})},
  year = "2016",
  language =     "russian",  
}

@misc{glnICDL2OC, 
  title = {ÐÐÐÐÐÐ¡Ð¡. ÐÐ½ÑÐµÑÑÐµÐ¹ÑÐ½ÑÐ¹ ÐºÐ¾Ð½ÑÑÐ¾Ð»ÑÐ½ÑÐ¹ Ð´Ð¾ÐºÑÐ¼ÐµÐ½Ñ. ÐÐ°Ð²Ð¸Ð³Ð°ÑÐ¸Ð¾Ð½Ð½ÑÐ¹ ÑÐ°Ð´Ð¸Ð¾ÑÐ¸Ð³Ð½Ð°Ð» Ð¾ÑÐºÑÑÑÐ¾Ð³Ð¾ Ð´Ð¾ÑÑÑÐ¿Ð° Ñ ÐºÐ¾Ð´Ð¾Ð²ÑÐ¼ ÑÐ°Ð·Ð´ÐµÐ»ÐµÐ½Ð¸ÐµÐ¼ Ð² Ð´Ð¸Ð°Ð¿Ð°Ð·Ð¾Ð½Ðµ {L2}},
  note = {(\url{http://russianspacesystems.ru/wp-content/uploads/2016/08/IKD-L2-s-kod.-razd.-Red-1.0-2016.pdf})},
  year = "2016",
  language =     "russian",  
}

@misc{glnICDL3OC, 
  title = {ÐÐÐÐÐÐ¡Ð¡. ÐÐ½ÑÐµÑÑÐµÐ¹ÑÐ½ÑÐ¹ ÐºÐ¾Ð½ÑÑÐ¾Ð»ÑÐ½ÑÐ¹ Ð´Ð¾ÐºÑÐ¼ÐµÐ½Ñ. ÐÐ°Ð²Ð¸Ð³Ð°ÑÐ¸Ð¾Ð½Ð½ÑÐ¹ ÑÐ°Ð´Ð¸Ð¾ÑÐ¸Ð³Ð½Ð°Ð» Ð¾ÑÐºÑÑÑÐ¾Ð³Ð¾ Ð´Ð¾ÑÑÑÐ¿Ð° Ñ ÐºÐ¾Ð´Ð¾Ð²ÑÐ¼ ÑÐ°Ð·Ð´ÐµÐ»ÐµÐ½Ð¸ÐµÐ¼ Ð² Ð´Ð¸Ð°Ð¿Ð°Ð·Ð¾Ð½Ðµ {L3}},
  note = {(\url{http://russianspacesystems.ru/wp-content/uploads/2016/08/IKD-L3-s-kod.-razd.-Red-1.0-2016.pdf})},
  year = "2016",
  language =     "russian",  
}

@misc{glnICDCommonCode, 
  title = {ÐÐÐÐÐÐ¡Ð¡. ÐÐ½ÑÐµÑÑÐµÐ¹ÑÐ½ÑÐ¹ ÐºÐ¾Ð½ÑÑÐ¾Ð»ÑÐ½ÑÐ¹ Ð´Ð¾ÐºÑÐ¼ÐµÐ½Ñ. ÐÐ±ÑÐµÐµ Ð¾Ð¿Ð¸ÑÐ°Ð½Ð¸Ðµ ÑÐ¸ÑÑÐµÐ¼Ñ Ñ ÐºÐ¾Ð´Ð¾Ð²ÑÐ¼ ÑÐ°Ð·Ð´ÐµÐ»ÐµÐ½Ð¸ÐµÐ¼},
  note = {(\url{http://russianspacesystems.ru/wp-content/uploads/2016/08/IKD.-Obshh.-opis.-Red.-1.0-2016.pdf})},
  year = "2016",
  language =     "russian",  
}

@misc{gpsICD200J, 
  title = {ÐÐ½ÑÐµÑÑÐµÐ¹ÑÐ½ÑÐ¹ ÐºÐ¾Ð½ÑÑÐ¾Ð»ÑÐ½ÑÐ¹ Ð´Ð¾ÐºÑÐ¼ÐµÐ½Ñ {NAVSTAR IS-GPS-200J}},
  note = {(\url{https://www.gps.gov/technical/icwg/IS-GPS-200J.pdf})},
  year = "2018",
  language =     "russian",  
}

@misc{gpsICD705E, 
  title = {Interface specification {IS-GPS-705E}. Navstar {GPS} {Space} {Segment/User Segment} {L5} {Interfaces}},
  note = {(\url{https://www.gps.gov/technical/icwg/IS-GPS-705E.pdf})},
  year = "2018",
}

@misc{gpsICD800E, 
  title = {Navstar {GPS} {Space} {Segment/User Segment} {L1C} {Interfaces}, {IS-GPS-800 Revision B}},
  note = {(\url{https://www.gps.gov/technical/icwg/IS-GPS-800E.pdf})},
  year = "2018",
}

@misc{galICD2018, 
  title = {ÐÐ½ÑÐµÑÑÐµÐ¹ÑÐ½ÑÐ¹ ÐºÐ¾Ð½ÑÑÐ¾Ð»ÑÐ½ÑÐ¹ Ð´Ð¾ÐºÑÐ¼ÐµÐ½Ñ {Galileo signal-in-space}},
  note = {(\url{https://www.gsc-europa.eu/system/files/galileo_documents/Galileo-OS-SIS-ICD.pdf})},
  year = "2018",
    language =     "russian",
}

@misc{beiICD2017, 
  title = {ÐÐ½ÑÐµÑÑÐµÐ¹ÑÐ½ÑÐ¹ ÐºÐ¾Ð½ÑÑÐ¾Ð»ÑÐ½ÑÐ¹ Ð´Ð¾ÐºÑÐ¼ÐµÐ½Ñ {Beidou signal-in-space}},
  note = {(\url{http://m.beidou.gov.cn/xt/gfxz/201712/P020171226741342013031.pdf})},
  year = "2017",
    language =     "russian",
}

@misc{bdsICDB1C, 
  title = {{BeiDou Navigation Satellite System Signal In Space Interface Control Document Open Service Signal B1C (Version 1.0)}},
  note = {(\url{http://www.beidou.gov.cn/xt/gfxz/201712/P020171226741342013031.pdf})},
  year = "2018",
}

@Article{whitney2016,
author = {Whitney, Steven},
title = {Directions 2017: GPS navigates the future},
journal = {GPS World},
year = {2016},
month = {December},
OPTnote = {(\url{https://www.gpsworld.com/2016-in-review-gps-navigates-the-future/})},
}

@Article{boldenkov2015,
author  = {ÐÐ¾Ð»Ð´ÐµÐ½ÐºÐ¾Ð², Ð. Ð. and ÐÐ¸Ð¿Ð°, Ð. Ð. and ÐÐ½ÐµÐ¿ÑÐ¾Ð², Ð. Ð.},
title   = {Ð­ÐºÑÐ¿ÐµÑÐ¸Ð¼ÐµÐ½ÑÐ°Ð»ÑÐ½Ð¾Ðµ Ð¸ÑÑÐ»ÐµÐ´Ð¾Ð²Ð°Ð½Ð¸Ðµ ÑÐ°ÑÐ°ÐºÑÐµÑÐ¸ÑÑÐ¸Ðº Ð¿Ð¾Ð¸ÑÐºÐ° Ð½Ð°Ð²Ð¸Ð³Ð°ÑÐ¸Ð¾Ð½Ð½ÑÑ ÑÐ°Ð´Ð¸Ð¾ÑÐ¸Ð³Ð½Ð°Ð»Ð¾Ð² Ñ Ð¼Ð¾Ð´ÑÐ»ÑÑÐ¸ÐµÐ¹ {BOC}},
journal = {Ð Ð°Ð´Ð¸Ð¾ÑÐµÑÐ½Ð¸ÐºÐ°},
number  = {9},
year    = {2015},
pages   = {123-128},
  language =     "russian",
}

@Article{sousa2013,
author   = {Sousa, F. M. G. and Nunes, F. D.},
title    = {{New Expressions for the Autocorrelation Function of BOC GNSS Signals}},
journal  = {Navigation},
year     = {2013},
volume   = {60},
number   = {1},
pages    = {1-9},
doi      = {10.1002/navi.30},
}

@Article{affens2011,
  author  = {David W. Affens and Roy Dreibelbis and James E. Mentall and George Theodorakos},
  title   = {Taking the Search out of Search and Rescue},
  journal = {GPS World},
  year    = {2011},
  url     = {https://www.gpsworld.com/innovation-the-distress-alerting-satellite-system-10883/},
}

@Book{doberstein2012hardware,
author    = {Dan Doberstein},
title     = {{Fundamentals of GPS receivers: A hardware approach}},
publisher = {Springer},
year      = {2012},
month     = {January},
doi       = {10.1007/978-1-4614-0409-5}, 
}

@Article{yvon2018,
author = {Yvon Henri and Attila Matas},
title = {{RNSS and the ITU Radio Regulations}},
journal = {Inside GNSS},
year = {2018},
pages = {32-39},
month = {January/February},
}

@Manual{ITU-RP341-7,
title = {{ITU-R P.341-7 The concept of transmission loss for radio links}},
organization = {ITU},
month = {August},
year = {2019},
}

@Manual{ITU-RP.530-17,
title = {{ITU-R P.530-17 ÐÐ°Ð½Ð½ÑÐµ Ð¾ ÑÐ°ÑÐ¿ÑÐ¾ÑÑÑÐ°Ð½ÐµÐ½Ð¸Ð¸ ÑÐ°Ð´Ð¸Ð¾Ð²Ð¾Ð»Ð½ Ð¸ Ð¼ÐµÑÐ¾Ð´Ñ Ð¿ÑÐ¾Ð³Ð½Ð¾Ð·Ð¸ÑÐ¾Ð²Ð°Ð½Ð¸Ñ, ÑÑÐµÐ±ÑÑÑÐ¸ÐµÑÑ Ð´Ð»Ñ Ð¿ÑÐ¾ÐµÐºÑÐ¸ÑÐ¾Ð²Ð°Ð½Ð¸Ñ Ð½Ð°Ð·ÐµÐ¼Ð½ÑÑ ÑÐ¸ÑÑÐµÐ¼ Ð¿ÑÑÐ¼Ð¾Ð¹ Ð²Ð¸Ð´Ð¸Ð¼Ð¾ÑÑÐ¸}},
organization = {ITU},
month = {December},
year = {2017},
  language =     "russian",
}

@Manual{ITU-RP.676-11,
title = {{ITU-R P.676-11 ÐÐ°ÑÑÑÐ°Ð½Ð¸Ðµ Ð² Ð°ÑÐ¼Ð¾ÑÑÐµÑÐ½ÑÑ Ð³Ð°Ð·Ð°Ñ}},
organization = {ITU},
month = {September},
year = {2016},
  language =     "russian",
}


@Manual{ITU-RP.833-9,
title = {{ITU-R P.833-9 ÐÑÐ»Ð°Ð±Ð»ÐµÐ½Ð¸Ðµ ÑÐ¸Ð³Ð½Ð°Ð»Ð¾Ð² ÑÐ°ÑÑÐ¸ÑÐµÐ»ÑÐ½Ð¾ÑÑÑÑ}},
organization = {ITU},
month = {September},
year = {2016},
  language =     "russian",
}

@Manual{ITU-RP834-6,
title = {{ITU-R P.834-6 ÐÐ»Ð¸ÑÐ½Ð¸Ðµ ÑÑÐ¾Ð¿Ð¾ÑÑÐµÑÐ½Ð¾Ð¹ ÑÐµÑÑÐ°ÐºÑÐ¸Ð¸ Ð½Ð° ÑÐ°ÑÐ¿ÑÐ¾ÑÑÑÐ°Ð½ÐµÐ½Ð¸Ðµ ÑÐ°Ð´Ð¸Ð¾Ð²Ð¾Ð»Ð½}},
organization = {ITU},
year = {2007},
  language =     "russian",
}


@Manual{ITU-RP.840-8,
title = {{ITU-R P.840-8 Attenuation due to clouds and fog}},
organization = {ITU},
month = {August},
year = {2019},
}

@Manual{ITU-RP.1407-6,
title = {{ITU-R P.1407-6 ÐÐ½Ð¾Ð³Ð¾Ð»ÑÑÐµÐ²Ð¾Ðµ ÑÐ°ÑÐ¿ÑÐ¾ÑÑÑÐ°Ð½ÐµÐ½Ð¸Ðµ Ð¸ Ð¿Ð°ÑÐ°Ð¼ÐµÑÑÐ¸Ð·Ð°ÑÐ¸Ñ ÐµÐ³Ð¾ ÑÐ°ÑÐ°ÐºÑÐµÑÐ¸ÑÑÐ¸Ðº}},
organization = {ITU},
month = {June},
year = {2017},
  language =     "russian",
}

@Manual{ITU-RP.2001-2,
title = {{ITU-R P.2001-2 Ð£Ð½Ð¸Ð²ÐµÑÑÐ°Ð»ÑÐ½Ð°Ñ Ð¼Ð¾Ð´ÐµÐ»Ñ Ð½Ð°Ð·ÐµÐ¼Ð½Ð¾Ð³Ð¾ ÑÐ°ÑÐ¿ÑÐ¾ÑÑÑÐ°Ð½ÐµÐ½Ð¸Ñ ÑÐ°Ð´Ð¸Ð¾Ð²Ð¾Ð»Ð½ Ð´Ð»Ñ ÑÐ¸ÑÐ¾ÐºÐ¾Ð³Ð¾ Ð¿ÑÐ¸Ð¼ÐµÐ½ÐµÐ½Ð¸Ñ Ð² Ð¿Ð¾Ð»Ð¾ÑÐµ ÑÐ°ÑÑÐ¾Ñ 30 ÐÐÑ â 50 ÐÐÑ}},
organization = {ITU},
month = {July},
year = {2015},
  language =     "russian",
}

@Manual{ITU-RM1787-3,
title = {{ITU-R M.1787-3 Description of systems and networks in the radionavigation-satellite service (space-to-Earth and space-to-space) and technical characteristics of transmitting space stations operating in the bands 1 164-1 215 MHz, 1 215-1 300 MHz and 1 559-1 610 MHz}},
organization = {ITU},
month = {March},
year = {2018},
}

@Manual{ITU-RM1903,
title = {{ITU-R M.1903 Characteristics and protection criteria for receiving earth stations in the radionavigation-satellite service (space-to-Earth) and receivers in the aeronautical radionavigation service operating in the band 1 559-1 610 MHz}},
organization = {ITU},
month = {January},
year = {2012},
}

@Manual{ITU-RM1831,
title = {{ITU-R M.1831 A coordination methodology for RNSS inter-system interference estimation}},
organization = {ITU},
month = {September},
year = {2015},
}

@Manual{PP-1049-34_app_1,
title = {{ÐÐ¾ÑÑÐ°Ð½Ð¾Ð²Ð»ÐµÐ½Ð¸Ðµ ÐÑÐ°Ð²Ð¸ÑÐµÐ»ÑÑÑÐ²Ð° Ð Ð¤ Ð¾Ñ 21 Ð´ÐµÐºÐ°Ð±ÑÑ 2011 Ð³. â1049-34 ÐÐ± ÑÑÐ²ÐµÑÐ¶Ð´ÐµÐ½Ð¸Ð¸ Ð¢Ð°Ð±Ð»Ð¸ÑÑ ÑÐ°ÑÐ¿ÑÐµÐ´ÐµÐ»ÐµÐ½Ð¸Ñ Ð¿Ð¾Ð»Ð¾Ñ ÑÐ°Ð´Ð¸Ð¾ÑÐ°ÑÑÐ¾Ñ Ð¼ÐµÐ¶Ð´Ñ ÑÐ°Ð´Ð¸Ð¾ÑÐ»ÑÐ¶Ð±Ð°Ð¼Ð¸ Ð Ð¾ÑÑÐ¸Ð¹ÑÐºÐ¾Ð¹ Ð¤ÐµÐ´ÐµÑÐ°ÑÐ¸Ð¸ Ð¸ Ð¿ÑÐ¸Ð·Ð½Ð°Ð½Ð¸Ð¸ ÑÑÑÐ°ÑÐ¸Ð²ÑÐ¸Ð¼Ð¸ ÑÐ¸Ð»Ñ Ð½ÐµÐºÐ¾ÑÐ¾ÑÑÑ Ð¿Ð¾ÑÑÐ°Ð½Ð¾Ð²Ð»ÐµÐ½Ð¸Ð¹ ÐÑÐ°Ð²Ð¸ÑÐµÐ»ÑÑÑÐ²Ð° Ð Ð¾ÑÑÐ¸Ð¹ÑÐºÐ¾Ð¹ Ð¤ÐµÐ´ÐµÑÐ°ÑÐ¸Ð¸}},
organization = {ÐÑÐ°Ð²Ð¸ÑÐµÐ»ÑÑÑÐ²Ð¾ Ð Ð¤},
month = {December},
year = {2011},
  language =     "russian",
}

% signals
@Article{gao09,
author = {Gao GX and Heng L and De Lorenzo D and Lo S and Akos D and Chen A and Walter T and Enge P and Parkinson B},
title = {{Modernization Milestone â Observing the First GPS Satellite with an L5 Payload}},
journal = {InsideGNSS},
year = {2009},
pages = {30-36},
month = {May/June},
url     = {https://insidegnss.com/wp-content/uploads/2018/01/mayjune09-gao.pdf},
}

@Manual{sanpin218,
title = {{Ð¡Ð°Ð½ÐÐ¸Ð 2.1.8/2.2.4.1383-03 ÐÐ¸Ð³Ð¸ÐµÐ½Ð¸ÑÐµÑÐºÐ¸Ðµ ÑÑÐµÐ±Ð¾Ð²Ð°Ð½Ð¸Ñ Ðº ÑÐ°Ð·Ð¼ÐµÑÐµÐ½Ð¸Ñ Ð¸ ÑÐºÑÐ¿Ð»ÑÐ°ÑÐ°ÑÐ¸Ð¸ Ð¿ÐµÑÐµÐ´Ð°ÑÑÐ¸Ñ ÑÐ°Ð´Ð¸Ð¾ÑÐµÑÐ½Ð¸ÑÐµÑÐºÐ¸Ñ Ð¾Ð±ÑÐµÐºÑÐ¾Ð²}},
organization = {Ð¤ÐµÐ´ÐµÑÐ°Ð»ÑÐ½ÑÐ¹ ÑÐµÐ½ÑÑ ÐÐ¾ÑÑÐ°Ð½ÑÐ¿Ð¸Ð´Ð½Ð°Ð´Ð·Ð¾ÑÐ° ÐÐ¸Ð½Ð·Ð´ÑÐ°Ð²Ð° Ð Ð¾ÑÑÐ¸Ð¸},
year = {2003},
  language =     "russian",
}


@Article{boneh99,
author  = {D. Boneh},
title   = {{Twenty years of attacks on the RSA cryptosystem}},
journal = {Notices of the American Mathematical Society},
year    = {1999},
volume  = {46},
number  = {2},
pages   = {203-213},
url     = {https://crypto.stanford.edu/~dabo/abstracts/RSAattack-survey.html},
}

@Article{fruhauf2002,
author  = {H. FrÃ¼hauf and S. Callaghan},
title   = {{SAASM and Direct P(Y) Signal Acquisition}},
journal = {{GPS World}},
year    = {2002},
month   = {July},
url     = {www.gpsworld.com/gpsworld/article/articleDetail.jsp?id=25974&pageID=1},
}

@Article{callaghan2003,
author  = {Steve Callaghan and Hugo Fruehauf},
title   = {{SAASM and Direct P(Y) Signal Acquisition}},
journal = {{CROSSTALK The Journal of Defense Software Engineering}},
year    = {2003},
month   = {June},
}


@Article{issler2009,
author  = {Jean-Luc Issler},
title   = {{Structure and Performance of the Future Galileo Civil Signals}},
journal = {{The Radio Science Bulletin}},
number  = {330},
year    = {2009},
month   = {September},
}

@Book{ritinsky2000,
author    = {Ð Ð°ÑÑÐ½ÑÐºÐ¸Ð¹ Ð.Ð.},
title     = {{ÐÑÐ½Ð¾Ð²Ñ ÑÐ¾ÑÐ¾Ð²Ð¾Ð¹ ÑÐ²ÑÐ·Ð¸}},
publisher = {Ð Ð°Ð´Ð¸Ð¾ Ð¸ ÑÐ²ÑÐ·Ñ},
year      = {2000},
  language =     "russian",
}


@inproceedings{barnes2003,
author   = {J. Barnes and C. Rizos and J. Wang and D. Small and G. Voigt and N. Gambale},
title    = {{Locata:  A New Positioning Technologyfor High Precision Indoor and Outdoor Positioning}},
booktitle= {{In Proceedings of the 16th International TechnicalMeeting of the Satellite Division of the Institute of Navigation (ION GPS/GNSS 2003)}},
location = {{Portland, OR, USA}},
year     = {9â12 September 2003},
pages    = {1119â1128},
doi      = {},
keywords = {Locata, indoor},
url      = {{https://www.researchgate.net/publication/250191197_Locata_A_New_Positioning_Technology_for_High_Precision_Indoor_and_Outdoor_Positioning}},
}

@inproceedings{barnes2003a,
author   = {J. Barnes and C. Rizos and J. Wang and D. Small and G. Voigt and N. Gambale},
title    = {{Locata: the positioning technology of the future?}},
booktitle= {{SatNav 2003The 6th International Symposium onSatellite Navigation Technology IncludingMobile Positioning \& Location Servicesy}},
location = {{Melbourne, Australia}},
year     = {22â25 July 2003},
doi      = {},
keywords = {Locata},
url      = {{https://www.researchgate.net/publication/228890903_Locata_the_positioning_technology_of_the_future}},
}

@Article{barnes2003b,
author  = {Barnes, J. and Rizos, C. and Wang, J. and Small, D. and Voigt, G. and Gambale, N.},
title   = {{High precision indoor and outdoor positioning using LocataNet}},
journal = {{Journal of Global Positioning Systems}},
number  = {2},
volume  = {2},
year    = {2003},
month   = {December},
pages   = {73-82},
doi     = {{doi:10.1056/nejm199210293271805}},
url     = {{https://www.researchgate.net/publication/228688921_High_Precision_Indoor_and_Outdoor_Positioning_using_LocataNet}},
keywords = {Locata},
}

@Article{barnes2004,
author  = {Jas Barnes and Chris Rizos and M. Kanli and Small, D. and Voight, G. and Gambale, N. and Lamance, J. and Nunan, T. and Reid, C.},
title   = {{Indoor industrial machine guidance using Locata: A pilot study at BlueScope Steel}},
journal = {{In Proceedings of the 60th Annual Meeting of the U.S. Institute of Navigation}},
year    = {2004},
month   = {June},
pages   = {533â540},
keywords = {Locata},
}

@inproceedings{barnes2004a,
author   = {Barnes, J. and Rizos, C. and Kanli, M. and Small, D. and Voigt, G. and Gambale, N. and Lamance, J.},
title    = {{Structural Deformation Monitoring Using Locata}},
booktitle= {{In Proceedings of the 1st FIG International Symposium on Engineering Surveys for Construction Works and Structural Engineering}},
location = {{Nottingham, United Kingdom}},
year     = {28 June â 1 July 2004 },
pages    = {1-16},
doi      = {},
keywords = {Locata},
url      = {{https://www.researchgate.net/publication/250184920_Structural_Deformation_Monitoring_Using_Locata}},
}

@inproceedings{barnes2005,
author   = {Barnes, J. and Rizos, C. and Kanli, M. and and Pahwa, A.},
title    = {{High Accuracy Positioning using Locataâs Next Generation Technology}},
booktitle= {{In Proceedings of the 18th International Technology Meeting of the Satellite Division of the U.S. Institute of Navigation}},
location = {{}},
year     = {2005},
pages    = {2049-2056},
doi      = {},
keywords = {Locata},
url      = {{https://www.researchgate.net/publication/240844066_High_accuracy_positioning_using_Locata's_next_generation_technology}},
}

@Article{barnes2006,
author  = {Jas Barnes and Chris Rizos and M. Kanli and A. Pahwa},
title   = {{A Positioning Technology for Classically Difficult GNSS Environments from Locata}},
journal = {{In Proceedings of the IEEE/ION Position, Location, and Navigation Symposium}},
year    = {2006},
month   = {January},
pages   = {715â721},
doi     = {{10.1109/PLANS.2006.1650665}}, 
keywords = {Locata},
}

@Article{jiang2014,
author  = {Jiang, W. and Li, Y. and Rizos, C.},
title   = {{Locata-based precise point positioning for kinematic maritime applications}},
journal = {{GPS Solutions}},
year    = {2018},
number  = {{19(1)}},
month   = {January},
pages   = {117â128},
doi     = {{10.1007/s10291-014-0373-9}},
keywords = {Locata},
}

@Article{jiang2018a,
author  = {Jiang, W. and Li, Y. and Rizos, C.},
title   = {{Improved decentralized multi-sensor navigation system for airborne applications}},
journal = {{GPS Solutions}},
year    = {2018},
number  = {{22(3)}},
month   = {June},
pages   = {},
doi     = {{10.1007/s10291-018-0743-9}},
keywords = {Locata, airborne},
}

@Article{rizos2019,
author  = {Chris Rizos and Ling Yang},
title   = {{Background and Recent Advances in the Locata Terrestrial Positioning and Timing Technology}},
journal = {{Sensors}},
year    = {2019},
month   = {April},
pages   = {533â540},
doi     = {{10.3390/s19081821}},
keywords = {Locata},
}

@inproceedings{grgac2016,
author   = {Grgac, I. and NovakoviÄ, G. and IlijaÅ¡, R.},
title    = {{First application of Locata positioning technology in Croatia}},
booktitle= {{SIG 2016 - International Symposium of Engineering Geodesy}},
location = {{Varazdin, Croatia}},
year     = {2016},
doi      = {},
keywords = {Locata, UE},
url      = {{https://www.researchgate.net/publication/303565075_First_Application_of_Locata_Positioning_Technology_in_Croatia}},
}

@Manual{GPSWorldAntennaSurvey2016,
title = {{2016 GNSS Antenna Survey}},
organization = {GPS World},
month = {February},
year = {2016},
}

@Manual{GPSWorldAntennaSurvey2018,
title = {{2018 GNSS Antenna Survey}},
organization = {GPS World},
month = {February},
year = {2018},
}

@Manual{ubloxGPS-X-08014,
title = {{GPS Antennas. RF Design Considerations for u-blox GPS Receivers}},
organization = {{u-blox Holding AG}},
edition={{GPS-X-08014-A1}},
month = {July},
year = {2009},
}

@Manual{infineonPMB2525,
  title        = {{Hammerhead II PMB 2525 Product Brief}},
  organization = {{Infineon}},
  edition      = {{B130-H8965-X-X-7600}},
  year         = {2006},
}

@Manual{broadcomBCM4750,
title = {{Broadcom BCM4750 Product Brief}},
organization = {{Broadcom}},
edition={{4750-PB01-R}},
year = {2007},
}

@Manual{qualcommWTR1605PressRelease,
title        = {{Press Release. Qualcomm Introduces 28nm Mass Market LTE/DC-HSPA+ Chipsets for Mobile Broadband Products}},
organization = {{Qualcomm}},
edition      = {{}},
month        = {Febrary 14},
url          = {{https://www.qualcomm.com/news/releases/2011/02/14/qualcomm-introduces-28nm-mass-market-ltedc-hspa-chipsets-mobile-broadband}},
year         = {2011},
}

@Article{anandtechWTR1605, 
key      = "INTERNET",
author   = {Brian Klug},
title    = {{The State of Qualcomm's Modems - WTR1605 and MDM9x25}}, 
journal  = {{AnandTech}}, 
date     = {{04.01.2013}}, 
year     = 2013, 
url      = {{https://www.anandtech.com/show/6541/the-state-of-qualcomms-modems-wtr1605-and-mdm9x25}}, 
language = {{english}}, 
}

@Manual{gostR52928-2010,
title        = {{ÐÐÐ¡Ð¢ Ð  52928-2010 Ð¡Ð¸ÑÑÐµÐ¼Ð° ÑÐ¿ÑÑÐ½Ð¸ÐºÐ¾Ð²Ð°Ñ Ð½Ð°Ð²Ð¸Ð³Ð°ÑÐ¸Ð¾Ð½Ð½Ð°Ñ Ð³Ð»Ð¾Ð±Ð°Ð»ÑÐ½Ð°Ñ. Ð¢ÐµÑÐ¼Ð¸Ð½Ñ Ð¸ Ð¾Ð¿ÑÐµÐ´ÐµÐ»ÐµÐ½Ð¸Ñ}},
organization = {{Ð¤ÐµÐ´ÐµÑÐ°Ð»ÑÐ½Ð¾Ðµ Ð°Ð³ÐµÐ½ÑÑÑÐ²Ð¾ Ð¿Ð¾ ÑÐµÑÐ½Ð¸ÑÐµÑÐºÐ¾Ð¼Ñ ÑÐµÐ³ÑÐ»Ð¸ÑÐ¾Ð²Ð°Ð½Ð¸Ñ Ð¸ Ð¼ÐµÑÑÐ¾Ð»Ð¾Ð³Ð¸Ð¸}},
edition      = {{52928-2010}},
month        = {November 9},
year         = {2010},
url          = {{http://docs.cntd.ru/document/1200083232}},
  language =     "russian",
}

@Manual{esaMarketReport2017,
title        = {{GNSS Market Report Issue 5 May 2017}},
organization = {{European GNSS Agency}},
edition      = {{TS-AB-17-001-EN-N}},
month        = {May},
year         = {2017},
doi          = {{10.2878/0426}},
url          = {{https://www.gsa.europa.eu/market/market-report}},
}

@Manual{esaMarketReport2019,
title        = {{GNSS Market Report Issue 6 May 2019}},
organization = {{European GNSS Agency}},
edition      = {{TS-AB-19-001-EN-N}},
year         = {2019},
doi          = {{10.2878/031762}},
url          = {{https://www.gsa.europa.eu/market/market-report}},
}


@Manual{ieeeStd145-1993,
title        = {{Standard Definitions of Terms for Antennas}},
organization = {{IEEE}},
edition      = {{Std 145-1993}},
month        = {},
year         = {1993},
doi          = {{doi:10.1109/IEEESTD.1993.119664}},
isbn         = {{978-1-55937-317-3}},
url          = {{}},
}


@Manual{yageo2011_25GPSGLN,
title        = {{Pin Feed Ceramic GPS/GLONASS Patch Antenna}},
organization = {{Yageo}},
edition      = {{CAN 43134 250D 1561B}},
month        = {April},
year         = {2011},
url          = {{}},
}

@Manual{yageo2013_ANT2525B00BT1575A,
title        = {{Ceramic Patch Antenna ANT2525B00BT1575A}},
organization = {{Yageo}},
edition      = {{Version 0}},
month        = {Febrary},
year         = {2013},
url          = {{}},
}

@Book{kybanov2015,
author    = {ÐÑÐ±Ð°Ð½Ð¾Ð² Ð.Ð.},
title     = {{ÐÐ½ÑÐµÐ½Ð½Ñ Ð¸ ÑÐ¸Ð´ÐµÑÑ â Ð½Ð°Ð·Ð½Ð°ÑÐµÐ½Ð¸Ðµ Ð¸ Ð¿Ð°ÑÐ°Ð¼ÐµÑÑÑ}},
publisher = {Ð¡Ð°Ð¼Ð°ÑÐ°: ÐÐÐ£Ð¢Ð},
year      = {2015},
  language =     "russian",
}

@Manual{cirocommCatalogue,
title        = {{ÐÐ½ÑÐµÐ½Ð½Ñ ÐºÐ¾Ð¼Ð¿Ð°Ð½Ð¸Ð¸ Cirocom Technology}},
organization = {{Cirocom Technology}},
edition      = {{2013}},
month        = {},
year         = {2013},
url          = {{}},
  language =     "russian",
}

@Manual{federalRadionavigationPlan2001,
title        = {{2001 Federal Radionavigation Plan}},
organization = {{Department of Transportation and Department of Defense, USA}},
edition      = {{2001}},
month        = {March 25},
year         = {2002},
url          = {{https://www.navcen.uscg.gov/pdf/frp/frp2001/FRP2001.pdf}},
}

@Article{monteiro2005, 
author   = {Monteiro, LuÃ­s Sardinha and  Moore, Terry and Hill, Chris},
title    = {{What is the accuracy of DGPS?}}, 
journal  = {{The Journal of Navigation}}, 
number   = {{58}}, 
year     = 2005, 
pages    = {207-225},
}

@inproceedings{teunissen1993,
author   = {P. Teunissen},
title    = {{Least-squares estimation of the integer GPS ambiguities}}, 
booktitle= {{Invited Lecture, Section IV Theory and Methodology, IAG General Meeting}},
location = {{Beijing, China}},
year     = {1993},
doi      = {},
keywords = {LAMBDA},
url      = {{https://www.researchgate.net/publication/243675603_Least-Squares_Estimation_of_the_Integer_GPS_Ambiguities}},
}

@inproceedings{basile2018,
author   = {F. Basile and T. Moore and C. Hill and G. McGraw and A. Johnson},
title    = {{Multi-Frequency Precise Point Positioning Using GPS and Galileo Data with Smoothed Ionospheric Corrections}}, 
booktitle= {{Proceedings of PLANS 2018, the Institute of Electrical and Electronics Engineers / Institute of Navigation Position, Location and Navigation Symposium}},
location = {{Monterey, California}},
month    = {April 23â26},
year     = {2018},
doi      = {10.1109/PLANS.2018.8373531},
keywords = {PPP},
pages    = {1388â1398},
url      = {https://www.gpsworld.com/innovation-multi-frequency-precise-point-positioning-using-gps-and-galileo},
}

@inproceedings{kunysz1998,
author   = {Kunysz W},
title    = {{Effect of antenna performance on the GPS signal accuracy}}, 
booktitle= {{Proceedings of ION GPS98}},
location = {{Nashville, TN, USA}},
month    = {15â18 September},
year     = {1998},
doi      = {},
keywords = {antenna},
pages    = {575â580},
url      = {{https://www.researchgate.net/publication/242557984_Effect_of_Antenna_Performance_on_the_GPS_Signal_Accuracy}},
}
 
@Article{ruvio2009, 
author   = {Ruvio, G. and Amman, M. and Bao, X.},
title    = {{Radial EBG Cell Layout for GPS Patch Antennas}}, 
journal  = {{Electronic Letters}}, 
volume   = {45},
month    = {June},
year     = {2009}, 
doi      = {10.1049/el.2009.1145},
pages    = {663-664},
url      = {{https://arrow.dit.ie/cgi/viewcontent.cgi?article=1050&context=engscheceart}},
}

@Manual{taoglasPatchIntegrAN,
title        = {{GPS Patch Integration. Application Note}},
organization = {{Taoglas Limited}},
edition      = {{2001}},
month        = {},
year         = {2009},
url          = {{}},
}

@Manual{maxtena2011PatchAN,
title        = {{GPS Passive Patch Antennas. Application Note}},
organization = {{Maxtena Inc}},
edition      = {{June 22}},
month        = {June},
year         = {2011},
url          = {{}},
}

@Article{marcum1960, 
author   = {Marcum, J. I.},
title    = {{A Statistical Theory of Target Detection by Pulsed Radar}}, 
journal  = {{IRE Transactions on Information Theory}}, 
volume   = {IT-6},
month    = {April},
year     = {1960}, 
pages    = {59â267},
}

@Article{shnidman1989, 
author   = {Shnidman, D. A.},
title    = {{The calculation of the probability of detection and the generalized Marcum Q-function}},
journal  = {{IEEE Transaction. Information Theory}},
volume   = {35(2)},
year     = {1989},
pages    = {389â400},
}

@Manual{MAX2769,
title        = {{MAX2769. Universal GPS Receiver. Datasheet}},
organization = {{Maxim Integrated}},
edition      = {{19-0791; Rev 2; 6/10}},
month        = {June},
year         = {2010},
url          = {{}},
}

@Manual{NT1065,
title        = {{NT1065. 4-Channel GPS/GLONASS/Galileo/BeiDou/NavIC/QZSS L1/L2/L3/L5 band RF Front-End IC. Datasheet}},
organization = {{NTLab}},
edition      = {{v2.17}},
month        = {May},
year         = {2019},
url          = {{}},
}

@Article{robinson2003, 
author   = {Gary Robinson},
title    = {{A statistical approach to the spam problem}},
journal  = {{Linux Journal}},
year     = {2003},
}

@inproceedings{du2013,
author   = {Du, J and Goh, A and Qiu, A},
title    = {{Bayesian Atlas Estimation from High Angular Resolution Diffusion Imaging (HARDI). }}, 
booktitle= {{International Conference on Geometric Science of Information. Lecture Notes in Computer Science}},
location = {{Paris, France}},
volume   = {8085},
year     = {2013}, 
doi      = {{10.1007/978-3-642-40020-9_15}}, 
pages    = {149â157},
}

@Manual{gostR51747-2001,
title        = {{ÐÐÐ¡Ð¢ Ð  51747-2001 Ð¡Ð¸ÑÑÐµÐ¼Ð° Ð¸Ð½ÑÑÑÑÐ¼ÐµÐ½ÑÐ°Ð»ÑÐ½Ð¾Ð³Ð¾ Ð·Ð°ÑÐ¾Ð´Ð° Ð»ÐµÑÐ°ÑÐµÐ»ÑÐ½ÑÑ Ð°Ð¿Ð¿Ð°ÑÐ°ÑÐ¾Ð² Ð½Ð° Ð¿Ð¾ÑÐ°Ð´ÐºÑ ÑÐ°Ð½ÑÐ¸Ð¼ÐµÑÑÐ¾Ð²Ð¾Ð³Ð¾ Ð´Ð¸Ð°Ð¿Ð°Ð·Ð¾Ð½Ð° Ð²Ð¾Ð»Ð½ ÑÐ°Ð´Ð¸Ð¾Ð¼Ð°ÑÑÐ½Ð°Ñ. ÐÑÐ½Ð¾Ð²Ð½ÑÐµ Ð¿Ð°ÑÐ°Ð¼ÐµÑÑÑ Ð¸ Ð¼ÐµÑÐ¾Ð´Ñ Ð¸Ð·Ð¼ÐµÑÐµÐ½Ð¸Ð¹}},
organization = {{Ð¤ÐµÐ´ÐµÑÐ°Ð»ÑÐ½Ð¾Ðµ Ð°Ð³ÐµÐ½ÑÑÑÐ²Ð¾ Ð¿Ð¾ ÑÐµÑÐ½Ð¸ÑÐµÑÐºÐ¾Ð¼Ñ ÑÐµÐ³ÑÐ»Ð¸ÑÐ¾Ð²Ð°Ð½Ð¸Ñ Ð¸ Ð¼ÐµÑÑÐ¾Ð»Ð¾Ð³Ð¸Ð¸}},
edition      = {{51747-2001}},
month        = {January},
year         = {2002},
  language =     "russian",
}

@Manual{radionavigationplan2019,
title        = {{Ð Ð°Ð´Ð¸Ð¾Ð½Ð°Ð²Ð¸Ð³Ð°ÑÐ¸Ð¾Ð½Ð½ÑÐ¹ Ð¿Ð»Ð°Ð½ Ð Ð¾ÑÑÐ¸Ð¹ÑÐºÐ¾Ð¹ Ð¤ÐµÐ´ÐµÑÐ°ÑÐ¸Ð¸}},
organization = {{ÐÐ¸Ð½Ð¿ÑÐ¾Ð¼ÑÐ¾ÑÐ³ Ð Ð¾ÑÑÐ¸Ð¸}},
edition      = {{â3296}},
month        = {4 September},
year         = {2019},
  language =     "russian",
}

@Manual{vozdkodeks,
title        = {{ÐÐ¾Ð·Ð´ÑÑÐ½ÑÐ¹ ÐºÐ¾Ð´ÐµÐºÑ Ð Ð¾ÑÑÐ¸Ð¹ÑÐºÐ¾Ð¹ Ð¤ÐµÐ´ÐµÑÐ°ÑÐ¸Ð¸}},
organization = {{Ð Ð¤}},
edition      = {{Ð¤Ð60, 14.08.2018}},
month        = {19.03},
year         = {1997},
  language =     "russian",
}

@Manual{icaoConv,
title        = {{ÐÐ¾Ð½Ð²ÐµÐ½ÑÐ¸Ñ Ð¾ Ð¼ÐµÐ¶Ð´ÑÐ½Ð°ÑÐ¾Ð´Ð½Ð¾Ð¹ Ð³ÑÐ°Ð¶Ð´Ð°Ð½ÑÐºÐ¾Ð¹ Ð°Ð²Ð¸Ð°ÑÐ¸Ð¸}},
organization = {{ICAO}},
edition      = {{9-Ðµ Ð¸Ð·Ð´Ð°Ð½Ð¸Ðµ}},
year         = {2006},
pages        = {{51}},
isbn         = {{92-9194-754-7}},
  language =     "russian",
}

@Manual{fapRF,
title        = {{Ð¤ÐµÐ´ÐµÑÐ°Ð»ÑÐ½ÑÐµ Ð°Ð²Ð¸Ð°ÑÐ¸Ð¾Ð½Ð½ÑÐµ Ð¿ÑÐ°Ð²Ð¸Ð»Ð°. ÐÐ¾Ð´Ð³Ð¾ÑÐ¾Ð²ÐºÐ° Ð¸ Ð²ÑÐ¿Ð¾Ð»Ð½ÐµÐ½Ð¸Ðµ Ð¿Ð¾Ð»ÐµÑÐ¾Ð² Ð² Ð³ÑÐ°Ð¶Ð´Ð°Ð½ÑÐºÐ¾Ð¹ Ð°Ð²Ð¸Ð°ÑÐ¸Ð¸ Ð Ð¾ÑÑÐ¸Ð¹ÑÐºÐ¾Ð¹ Ð¤ÐµÐ´ÐµÑÐ°ÑÐ¸Ð¸}},
organization = {{ÐÐ¸Ð½Ð¸ÑÑÐµÑÑÑÐ²Ð¾ ÑÑÐ°Ð½ÑÐ¿Ð¾ÑÑÐ° Ð Ð¤}},
edition      = {{ÐÑÐ¸ÐºÐ°Ð· 108 ÐÐ¢ Ð Ð¤}},
month        = {17.07},
year         = {2008},
  language =     "russian",
}

@Manual{ladoga2007,
title        = {{Ð£Ð¿ÑÐ°Ð²Ð»ÐµÐ½Ð¸Ðµ Ð²Ð¾Ð·Ð´ÑÑÐ½ÑÐ¼ Ð´Ð²Ð¸Ð¶ÐµÐ½Ð¸ÐµÐ¼ Ð½Ð° Ð´Ð¸ÑÐ¿ÐµÑÑÐµÑÑÐºÐ¸Ñ ÑÑÐµÐ½Ð°Ð¶ÐµÑÐ°Ñ. ÐÐµÑÐ¾Ð´Ð¸ÑÐµÑÐºÐ¾Ðµ Ð¿Ð¾ÑÐ¾Ð±Ð¸Ðµ.}},
organization = {{Ð¡Ð°Ð½ÐºÑ-ÐÐµÑÐµÑÐ±ÑÑÐ³ÑÐºÐ¸Ð¹ ÐÐ¾ÑÑÐ´Ð°ÑÑÑÐ²ÐµÐ½Ð½ÑÐ¹ Ð£Ð½Ð¸Ð²ÐµÑÑÐ¸ÑÐµÑ ÐÐ}},
year         = {2007},
  language =     "russian",
}


@Article{olihov2013, 
author   = {Ð. ÐÐ»Ð¸ÑÐ¾Ð² and Ð. Ð¡ÑÐ¾Ð»ÑÑÐ¾Ð² and Ð. Ð¡ÑÐµÐ¿Ð°Ð½Ð¾Ð²},
title    = {{ÐÐ°Ð·ÐµÑÐ½ÑÐµ ÐºÑÑÑÐ¾-Ð³Ð»Ð¸ÑÑÐ°Ð´Ð½ÑÐµ ÑÐ¸ÑÑÐµÐ¼Ñ Ð¿Ð¾ÑÐ°Ð´ÐºÐ¸ Ð²Ð¾Ð·Ð´ÑÑÐ½ÑÑ ÑÑÐ´Ð¾Ð²}},
journal  = {{Ð­Ð»ÐµÐºÑÑÐ¾Ð½Ð¸ÐºÐ°}},
volume   = {{5 (00127)}},
year     = {{2013}},
pages    = {{124-132}}, 
  language =     "russian",
}

@Manual{snip_121_13330_2012,
title        = {{Ð¡ÑÑÐ¾Ð¸ÑÐµÐ»ÑÐ½ÑÐµ Ð½Ð¾ÑÐ¼Ñ Ð¸ Ð¿ÑÐ°Ð²Ð¸Ð»Ð°. Ð¡Ð  121.13330.2012. ÐÑÑÐ¾Ð´ÑÐ¾Ð¼Ñ}},
organization = {{ÐÐ¸Ð½Ð¸ÑÑÐµÑÑÑÐ²Ð¾ ÑÐµÐ³Ð¸Ð¾Ð½Ð°Ð»ÑÐ½Ð¾Ð³Ð¾ ÑÐ°Ð·Ð²Ð¸ÑÐ¸Ñ Ð Ð¤}},
year         = {30 Ð¸ÑÐ½Ñ 2012 Ð³. N 277},
  language =     "russian",
}


@Manual{icaoGanp,
title        = {{ÐÐ»Ð¾Ð±Ð°Ð»ÑÐ½ÑÐ¹ Ð°ÑÑÐ¾Ð½Ð°Ð²Ð¸Ð³Ð°ÑÐ¸Ð¾Ð½Ð½ÑÐ¹ Ð¿Ð»Ð°Ð½ Ð½Ð° 2013-2028}},
organization = {{ICAO}},
edition      = {{4-Ðµ Ð¸Ð·Ð´Ð°Ð½Ð¸Ðµ, Doc 9750-AN/963}},
year         = {2013},
pages        = {{147}},
  language =     "russian",
}

@Book{saraysky2010,
author = {Ð¡Ð°ÑÐ°Ð¹ÑÐºÐ¸Ð¹ Ð®. Ð. and ÐÐ»ÐµÑÐºÐ¾Ð² Ð. Ð.},
title = {{ÐÑÑÐ¾Ð½Ð°Ð²Ð¸Ð³Ð°ÑÐ¸Ñ. Ð§Ð°ÑÑÑ I. ÐÑÐ½Ð¾Ð²Ñ Ð½Ð°Ð²Ð¸Ð³Ð°ÑÐ¸Ð¸ Ð¸ Ð¿ÑÐ¸Ð¼ÐµÐ½ÐµÐ½Ð¸Ðµ Ð³ÐµÐ¾ÑÐµÑÐ½Ð¸ÑÐµÑÐºÐ¸Ñ ÑÑÐµÐ´ÑÑÐ². Ð£ÑÐµÐ±Ð½Ð¾Ðµ Ð¿Ð¾ÑÐ¾Ð±Ð¸Ðµ}},
publisher = {{Ð¡ÐÐ±:Ð¡ÐÐ±ÐÐ£ÐÐ}},
year = {2010},
  language =     "russian",
}

@Book{saraysky2013,
author = {Ð¡Ð°ÑÐ°Ð¹ÑÐºÐ¸Ð¹ Ð®. Ð. and ÐÐ»ÐµÑÐºÐ¾Ð² Ð. Ð. and ÐÐ¸Ð±ÐµÑÐ¼Ð° Ð®. Ð.},
title = {{ÐÑÑÐ¾Ð½Ð°Ð²Ð¸Ð³Ð°ÑÐ¸Ñ. Ð§Ð°ÑÑÑ II. Ð Ð°Ð´Ð¸Ð¾Ð½Ð°Ð²Ð¸Ð³Ð°ÑÐ¸Ñ Ð² Ð¿Ð¾Ð»ÐµÑÐµ Ð¿Ð¾ Ð¼Ð°ÑÑÑÑÑÑ. Ð£ÑÐµÐ±Ð½Ð¾Ðµ Ð¿Ð¾ÑÐ¾Ð±Ð¸Ðµ}},
publisher = {{Ð¡ÐÐ±:Ð¡ÐÐ±ÐÐ£ÐÐ}},
year = {2013},
pages = {282},
  language =     "russian",
}

@Book{lebedev2003,
author = {ÐÐµÐ±ÐµÐ´ÐµÐ² Ð. Ð.},
title = {{Ð¡Ð°Ð¼Ð¾Ð»ÐµÑÐ¾Ð²Ð¾Ð¶Ð´ÐµÐ½Ð¸Ðµ. Ð£ÑÐµÐ±Ð½Ð¾Ðµ Ð¿Ð¾ÑÐ¾Ð±Ð¸Ðµ Ð´Ð»Ñ Ð»ÐµÑÑÐ¸ÐºÐ¾Ð² Ð¸ ÑÑÑÑÐ¼Ð°Ð½Ð¾Ð² Ð³ÑÐ°Ð¶Ð´Ð°Ð½ÑÐºÐ¾Ð¹, Ð²Ð¾ÐµÐ½Ð½Ð¾-ÑÑÐ°Ð½ÑÐ¿Ð¾ÑÑÐ½Ð¾Ð¹ Ð¸ ÑÑÑÐ°ÑÐµÐ³Ð¸ÑÐµÑÐºÐ¾Ð¹ Ð°Ð²Ð¸Ð°ÑÐ¸Ð¸,}},
publisher = {{-}},
year = {2003},
  language =     "russian",
}

@Book{mikhailov2000,
author = {ÐÐ¸ÑÐ°Ð¹Ð»Ð¾Ð² Ð.Ð.},
title = {{ÐÐ¾Ð·Ð´ÑÑÐ½Ð°Ñ Ð½Ð°Ð²Ð¸Ð³Ð°ÑÐ¸Ñ. ÐÐµÐ¶Ð´ÑÐ½Ð°ÑÐ¾Ð´Ð½ÑÐµ Ð¿Ð¾Ð»ÐµÑÑ.}},
publisher = {{ÐÐ¾Ð²Ð¾ÑÐ¸Ð±Ð¸ÑÑÐº}},
year = {2000},
  language =     "russian",
}

@Book{cherny1991,
author = {Ð§ÐµÑÐ½ÑÐ¹ Ð.Ð. and ÐÐ¾ÑÐ°Ð±Ð»Ð¸Ð½ Ð.Ð.},
title = {{ÐÐ¾Ð·Ð´ÑÑÐ½Ð°Ñ Ð½Ð°Ð²Ð¸Ð³Ð°ÑÐ¸Ñ.}},
publisher = {{ÐÐ·Ð´. Ð¢ÑÐ°Ð½ÑÐ¿Ð¾ÑÑ, Ð.}},
year = {1991},
  language =     "russian",
}


@Book{guryanova2007,
author    = {ÐÑÑÑÑÐ½Ð¾Ð²Ð° Ð.Ð.},
title     = {{ÐÐ¾Ð½ÑÑÑÑÐºÑÐ¸Ñ Ð¸ Ð»ÑÑÐ½Ð°Ñ ÑÐºÑÐ¿Ð»ÑÐ°ÑÐ°ÑÐ¸Ñ ÑÐ°Ð¼Ð¾Ð»ÐµÑÐ° Ð¯Ðº-40: ÐºÐ¾Ð½ÑÐ¿ÐµÐºÑ Ð»ÐµÐºÑÐ¸Ð¹}},
publisher = {{Ð£Ð»ÑÑÐ½Ð¾Ð²ÑÐº: Ð£ÐÐÐ£ ÐÐ}},
pages     = {{116}},
year      = {2007},
  language =     "russian",
}

@misc{s7news,
  author       = {S7},
  title        = {{S7 Airlines Ð¿ÐµÑÐ²Ð¾Ð¹ Ð² Ð Ð¾ÑÑÐ¸Ð¸ ÑÐµÑÑÐ¸ÑÐ¸ÑÐ¸ÑÐ¾Ð²Ð°Ð½Ð° Ð´Ð»Ñ Ð·Ð°ÑÐ¾Ð´Ð¾Ð² Ð½Ð° Ð¿Ð¾ÑÐ°Ð´ÐºÑ Ð¿Ð¾ GLS}},
  howpublished = {\url{https://www.s7.ru/ru/about/news/s7-airlines-pervoy-v-rossii-sertifitsirovana-dlya-zakhodov-na-posadku-po-gls/}},
  note         = {Accessed: 2019-09-30},
  year         = {{2014}},
  language =     "russian",
}


@Article{babyrov2013, 
author   = {Ð¡.Ð.ÐÐ°Ð±ÑÑÐ¾Ð² and Ð.Ð.Ð¡Ð°ÑÑÐ° and Ð.Ð.ÐÑÐ¿ÑÐ¸Ð½ÑÐºÐ¸Ð¹},
title    = {{Ð¡Ð¿ÑÑÐ½Ð¸ÐºÐ¾Ð²ÑÐµ ÑÐµÑÐ½Ð¾Ð»Ð¾Ð³Ð¸Ð¸ Ð¿Ð¾ÑÐ°Ð´ÐºÐ¸ -- Ð¾ÑÐ½Ð¾Ð²Ð° Ð±ÐµÐ·Ð¾Ð¿Ð°ÑÐ½Ð¾ÑÑÐ¸ Ð¿Ð¾Ð»ÑÑÐ¾Ð²}},
journal  = {{ÐÑÑÐ»ÑÑ Ð Ð¾Ð´Ð¸Ð½Ñ}},
volume   = {{â7-8}},
year     = {{2013}},
  language =     "russian",
}


@Manual{kt229,
title        = {{ÐÐ¢-229. ÐÐ¾ÑÑÐ¾Ð²Ð¾Ðµ Ð¾Ð±Ð¾ÑÑÐ´Ð¾Ð²Ð°Ð½Ð¸Ðµ ÐÐÐ¡Ð¡/SBAS}},
organization = {{ÐÐµÐ¶Ð³Ð¾ÑÑÐ´Ð°ÑÑÑÐ²ÐµÐ½Ð½ÑÐ¹ Ð°Ð²Ð¸Ð°ÑÐ¸Ð¾Ð½Ð½ÑÐ¹ ÐºÐ¾Ð¼Ð¸ÑÐµÑ}},
year         = {01.04.2011},
  language =     "russian",
}

@Manual{kt253,
title        = {{ÐÐ¢-253. ÐÐ¾ÑÑÐ¾Ð²Ð¾Ðµ Ð¾Ð±Ð¾ÑÑÐ´Ð¾Ð²Ð°Ð½Ð¸Ðµ ÐÐÐ¡Ð¡/ÐÐÐÐ¡}},
organization = {{ÐÐµÐ¶Ð³Ð¾ÑÑÐ´Ð°ÑÑÑÐ²ÐµÐ½Ð½ÑÐ¹ Ð°Ð²Ð¸Ð°ÑÐ¸Ð¾Ð½Ð½ÑÐ¹ ÐºÐ¾Ð¼Ð¸ÑÐµÑ}},
year         = {16.09.2008},
  language =     "russian",
}

@Manual{kt34-01,
title        = {{ÐÐ¢-34-01. ÐÐ¾ÑÑÐ¾Ð²Ð¾Ðµ Ð¾Ð±Ð¾ÑÑÐ´Ð¾Ð²Ð°Ð½Ð¸Ðµ ÑÐ¿ÑÑÐ½Ð¸ÐºÐ¾Ð²Ð¾Ð¹ Ð½Ð°Ð²Ð¸Ð³Ð°ÑÐ¸Ð¸}},
organization = {{ÐÐµÐ¶Ð³Ð¾ÑÑÐ´Ð°ÑÑÑÐ²ÐµÐ½Ð½ÑÐ¹ Ð°Ð²Ð¸Ð°ÑÐ¸Ð¾Ð½Ð½ÑÐ¹ ÐºÐ¾Ð¼Ð¸ÑÐµÑ}},
year         = {01.04.2011},
  language =     "russian",
}


@Article{dmitrieva2016, 
author   = {ÐÐ¼Ð¸ÑÑÐ¸ÐµÐ²Ð° Ð.Ð. and Ð¢ÑÐ¼ÐµÐ½ÑÐµÐ²Ð° Ð.Ð.},
title    = {{ÐÐ¾ÐºÐ°Ð»ÑÐ½Ð°Ñ ÐºÐ¾Ð½ÑÑÐ¾Ð»ÑÐ½Ð¾-ÐºÐ¾ÑÑÐµÐºÑÐ¸ÑÑÑÑÐ°Ñ ÑÑÐ°Ð½ÑÐ¸Ñ ÐºÐ°Ðº Ð¸Ð½Ð½Ð¾Ð²Ð°ÑÐ¸Ð¾Ð½Ð½Ð¾Ðµ ÑÐµÑÐµÐ½Ð¸Ðµ Ð±ÐµÐ·Ð¾Ð¿Ð°ÑÐ½Ð¾ÑÑÐ¸ ÑÐºÑÐ¿Ð»ÑÐ°ÑÐ°ÑÐ¸Ð¸ Ð²Ð¾Ð·Ð´ÑÑÐ½ÑÑ ÑÑÐ´Ð¾Ð²}},
journal  = {{ÐÐºÑÑÐ°Ð»ÑÐ½ÑÐµ Ð¿ÑÐ¾Ð±Ð»ÐµÐ¼Ñ Ð°Ð²Ð¸Ð°ÑÐ¸Ð¸ Ð¸ ÐºÐ¾ÑÐ¼Ð¾Ð½Ð°Ð²ÑÐ¸ÐºÐ¸}},
volume   = {{2 (12)}},
year     = {{2016}},
pages    = {{417-419}},
  language =     "russian",
}

@Manual{rsAN1GP74,
title        = {{Test of DME/TACAN Transponders. Application Note 1GP74}},
organization = {{Rohde\&Schwarz}},
edition      = {{2}},
month        = {26 Feb},
year         = {2009},
}


@Manual{rs1MA193,
title        = {{Aeronautical radio navigation measurement solution. Application Note 1MA193}},
organization = {{Rohde\&Schwarz}},
edition      = {{1}},
month        = {June},
year         = {2016},
}

@article{steingass18,
author   = {Alexander Steingass and Thanawat Thiasiriphet and Jaron Samson},
title    = {{Modelling Distance Measurement Equipment (DME) signals interfering an airborne GNSS receiver}},
year     = {2018},
journal  = {NAVIGATION, Journal of the Institute of Navigation},
editor   = {{ION - Institute of Navigation}},
month    = {},
address  = {{8551 Rixlew Ln., STE 360 Manassas, VA 20109, USA}},
issue    = {{65, No. 2}},
ISSN     = {0028-1522}
}

@article{pavlis2012,
author   = {Pavlis, Nikolaos K. and Holmes, Simon A. and Kenyon, Steve C. and Factor, John K.},
title    = {{The development and evaluation of the Earth Gravitational Model 2008 (EGM2008)}},
year     = {2012},
journal  = {Journal of Geophysical Research: Solid Earth},
month    = {April},
issue    = {{117 (B4)}},
doi      = {{10.1029/2011JB008916}}
}
 
@misc{cgkipd2019,
  title = {{Ð¤ÑÐ½Ð´Ð°Ð¼ÐµÐ½ÑÐ°Ð»ÑÐ½Ð°Ñ Ð°ÑÑÑÐ¾Ð½Ð¾Ð¼Ð¾-Ð³ÐµÐ¾Ð´ÐµÐ·Ð¸ÑÐµÑÐºÐ°Ñ ÑÐµÑÑ â Ð¾ÑÐ½Ð¾Ð²Ð° ÐÐ¡Ð-2011}},
  url   = {https://cgkipd.ru/about-us/news/tsentr-geodezii--kartografii-i-ipd-sovershenstvuet-uslugu-po-monitoringu-monitoring-kharakteristik-p/},
  note  = {Accessed: 2019-12-18},
  language =     "russian",
}


@Manual{rosreestr20160323_134,
title        = {{ÐÑÐ¸ÐºÐ°Ð· Ð Ð¾ÑÑÐµÐµÑÑÑÐ° Ð¾Ñ 23.03.2016 â Ð/134 ÐÐ± ÑÑÐ²ÐµÑÐ¶Ð´Ðµ Ð½Ð¸Ð¸ Ð³ÐµÐ¾Ð¼ÐµÑÑÐ¸ÑÐµÑÐºÐ¸Ñ Ð¸ ÑÐ¸Ð·Ð¸ÑÐµÑÐºÐ¸Ñ ÑÐ¸ÑÐ»Ð¾Ð²ÑÑ Ð³ÐµÐ¾Ð´ÐµÐ·Ð¸ÑÐµÑÐºÐ¸Ñ Ð¿Ð°ÑÐ°Ð¼ÐµÑÑÐ¾Ð² Ð³Ð¾ÑÑÐ´Ð°ÑÑÑÐ²ÐµÐ½Ð½Ð¾Ð¹ Ð³ÐµÐ¾Ð´ÐµÐ·Ð¸ÑÐµÑÐºÐ¾Ð¹ ÑÐ¸ÑÑÐµÐ¼Ñ ÐºÐ¾Ð¾ÑÐ´Ð¸Ð½Ð°Ñ 2011 Ð³Ð¾Ð´Ð°}},
organization = {{Ð Ð¾ÑÑÐµÐµÑÑÑ}},
year         = {2016},
  language =     "russian",
}

@Manual{pp20161124_1240,
title        = {{ÐÐ¾ÑÑÐ°Ð½Ð¾Ð²Ð»ÐµÐ½Ð¸Ðµ ÐÑÐ°Ð²Ð¸ÑÐµÐ»ÑÑÑÐ²Ð° Ð Ð¤ Ð¾Ñ 24 Ð½Ð¾ÑÐ±ÑÑ 2016 Ð³. â 1240 ÐÐ± ÑÑÑÐ°Ð½Ð¾Ð²Ð»ÐµÐ½Ð¸Ð¸ Ð³Ð¾ÑÑÐ´Ð°Ñ ÑÑÐ²ÐµÐ½Ð½ÑÑ ÑÐ¸ÑÑÐµÐ¼ ÐºÐ¾Ð¾ÑÐ´Ð¸Ð½Ð°Ñ, Ð³Ð¾ÑÑÐ´Ð°ÑÑÑÐ²ÐµÐ½Ð½Ð¾Ð¹ ÑÐ¸ÑÑÐµÐ¼Ñ Ð²ÑÑÐ¾Ñ Ð¸ Ð³Ð¾ÑÑÐ´Ð°ÑÑÑÐ²ÐµÐ½Ð½Ð¾Ð¹ Ð³ÑÐ°Ð²Ð¸Ð¼ÐµÑÑÐ¸ÑÐµÑÐºÐ¾Ð¹ ÑÐ¸ÑÑÐµÐ¼Ñ}},
organization = {{ÐÑÐ°Ð²Ð¸ÑÐµÐ»ÑÑÑÐ²Ð¾ Ð Ð¤}},
year         = {2016},
  language =     "russian",
}

@article{defraigne2015,
author   = {Pascale Defraigne and Jean-Marie Sleewaegen and Demetrios Matsakis},
title    = {{How Important Is It to Synchronize the Code and Phase Measurements of a GNSS Receiver?}},
year     = {2015},
journal  = {InsideGNSS},
month    = {{November/December}},
}

@Book{borisov2013,
author       = {ÐÐ¾ÑÐ¸ÑÐ¾Ð² Ð.Ð.},
title        = {{ÐÐ»Ð°Ð½-ÐºÐ¾Ð½ÑÐ¿ÐµÐºÑ Ð¿Ð¾ Ð´Ð¸ÑÑÐµÐ¿Ð»Ð¸Ð½Ðµ ÐÐ¾Ð·Ð´ÑÑÐ½Ð°Ñ Ð½Ð°Ð²Ð¸Ð³Ð°ÑÐ¸Ñ Ð¸ Ð°ÑÑÐ¾Ð½Ð°Ð²Ð¸Ð³Ð°ÑÐ¸Ð¾Ð½Ð½Ð¾Ðµ Ð¾Ð±ÐµÑÐ¿ÐµÑÐµÐ½Ð¸Ðµ Ð¿Ð¾Ð»ÐµÑÐ¾Ð²}},
publisher    = {{Ð£Ð»ÑÑÐ½Ð¾Ð²ÑÐºÐ¾Ðµ Ð²ÑÑÑÐµÐµ Ð°Ð²Ð¸Ð°ÑÐ¸Ð¾Ð½Ð½Ð¾Ðµ ÑÑÐ¸Ð»Ð¸ÑÐµ Ð³ÑÐ°Ð¶Ð´Ð°Ð½ÑÐºÐ¾Ð¹ Ð°Ð²Ð¸Ð°ÑÐ¸Ð¸ (Ð¸Ð½ÑÑÐ¸ÑÑÑ)}},
year         = {2013},
  language =     "russian",
}

@Manual{pz90,
title        = {{ÐÐ°ÑÐ°Ð¼ÐµÑÑÑ ÐÐµÐ¼Ð»Ð¸ 1990 Ð³Ð¾Ð´Ð° (ÐÐ-90.11). Ð¡Ð¿ÑÐ°Ð²Ð¾ÑÐ½ÑÐ¹ Ð´Ð¾ÐºÑÐ¼ÐµÐ½Ñ.}},
organization = {{ÐÐ¾ÐµÐ½Ð½Ð¾-ÑÐ¾Ð¿Ð¾Ð³ÑÐ°ÑÐ¸ÑÐµÑÐºÐ¾Ðµ ÑÐ¿ÑÐ°Ð²Ð»ÐµÐ½Ð¸Ðµ Ð³ÐµÐ½ÐµÑÐ°Ð»ÑÐ½Ð¾Ð³Ð¾ ÑÑÐ°Ð±Ð° ÐÐ¾Ð¾ÑÑÐ¶ÐµÐ½Ð½ÑÑ Ð¡Ð¸Ð» Ð Ð¾ÑÑÐ¸Ð¹ÑÐºÐ¾Ð¹ Ð¤ÐµÐ´ÐµÑÐ°ÑÐ¸Ð¸}},
year         = {2014},
  language =     "russian",
}

@Book{stuart2005,
author       = {Ð Ð¾Ð±ÐµÑÑ Ð¡ÑÑÐ°ÑÑ},
title        = {{ÐÐ²ÐµÐ´ÐµÐ½Ð¸Ðµ Ð² ÑÐ¸Ð·Ð¸ÑÐµÑÐºÑÑ Ð¾ÐºÐµÐ°Ð½Ð¾Ð³ÑÐ°ÑÐ¸Ñ}},
publisher    = {{Texas A\&M University}},
year         = {2005},
  language =     "russian",
}

@inproceedings{vermeer2009,
author   = {Vermeer, Martin and Rahmstorf, Stefan},
title    = {{Global sea level linked to global temperature.}}, 
booktitle= {{Proceesings of the National Academy of Science}},
year     = {2009}, 
doi      = {{10.1073/pnas.0907765106}}, 
}

@article{haq1987,
author   = {Haq, B.U. and Hardenbol, J. and Vail, P.R.},
title    = {{Chronology of fluctuating sea levels since the Triassic}},
year     = {1987},
journal  = {Science},
volume   = {{235}},
pages    = {1156â1167},
doi      = {{10.1126/science.235.4793.1156}},
}

@Book{komarovsky2005,
author       = {ÐÐ¾Ð¼Ð°ÑÐ¾Ð²ÑÐºÐ¸Ð¹ Ð®. Ð.},
title        = {{ÐÐ°Ð»ÑÐ¸Ð¹ÑÐºÐ°Ñ ÑÐ¸ÑÑÐµÐ¼Ð° Ð²ÑÑÐ¾Ñ 1977 Ð³Ð¾Ð´Ð° // ÐÑÐ¿Ð¾Ð»ÑÐ·Ð¾Ð²Ð°Ð½Ð¸Ðµ ÑÐ°Ð·Ð»Ð¸ÑÐ½ÑÑ ÑÐµÑÐµÑÐµÐ½Ñ-ÑÐ»Ð»Ð¸Ð¿ÑÐ¾Ð¸Ð´Ð¾Ð² Ð² ÑÑÐ´Ð¾Ð²Ð¾Ð¶Ð´ÐµÐ½Ð¸Ð¸ : Ð£ÑÐµÐ±. Ð¿Ð¾ÑÐ¾Ð±Ð¸Ðµ.}},
publisher    = {{ÐÐ»Ð°Ð´Ð¸Ð²Ð¾ÑÑÐ¾Ðº : ÐÐ¾ÑÑÐºÐ¾Ð¹ Ð³Ð¾ÑÑÐ´Ð°ÑÑÑÐ²ÐµÐ½Ð½ÑÐ¹ ÑÐ½Ð¸Ð²ÐµÑÑÐ¸ÑÐµÑ}},
year         = {2005},
pages        = {341},
  language =     "russian",
}

@article{kovalevsky69,
author   = {Kovalevsky, J},
title    = {{PalÃ©o-astronomie}},
year     = {1969},
journal  = {L'Astronomie},
volume   = {{83}},
pages    = {411},
}

@Manual{gost_r_32453-2017,
  title        = {{ÐÐÐ¡Ð¢ 32453â2017 ÐÐ»Ð¾Ð±Ð°Ð»ÑÐ½Ð°Ñ Ð½Ð°Ð²Ð¸Ð³Ð°ÑÐ¸Ð¾Ð½Ð½Ð°Ñ ÑÐ¿ÑÑÐ½Ð¸ÐºÐ¾Ð²Ð°Ñ ÑÐ¸ÑÑÐµÐ¼Ð°. Ð¡Ð¸ÑÑÐµÐ¼Ñ ÐºÐ¾Ð¾ÑÐ´Ð¸Ð½Ð°Ñ. ÐÐµÑÐ¾Ð´Ñ Ð¿ÑÐµÐ¾Ð±ÑÐ°Ð·Ð¾Ð²Ð°Ð½Ð¸Ð¹ ÐºÐ¾Ð¾ÑÐ´Ð¸Ð½Ð°Ñ Ð¾Ð¿ÑÐµÐ´ÐµÐ»ÑÐµÐ¼ÑÑ ÑÐ¾ÑÐµÐº}},
  organization = {{ÐÐµÐ¶Ð³Ð¾ÑÑÐ´Ð°ÑÑÑÐ²ÐµÐ½Ð½ÑÐ¹ ÑÐ¾Ð²ÐµÑ Ð¿Ð¾ ÑÑÐ°Ð½Ð´Ð°ÑÑÐ¸Ð·Ð°ÑÐ¸Ð¸, Ð¼ÐµÑÑÐ¾Ð»Ð¾Ð³Ð¸Ð¸ Ð¸ ÑÐµÑÑÐ¸ÑÐ¸ÐºÐ°ÑÐ¸Ð¸}},
  year         = {2017},
  language =     "russian",
}


@Manual{wgs84_2000,
  title        = {{Department of Defense World System 1984}},
  organization = {{National Imagery and Mapping Agency}},
  year         = {2000},
  pages        = {175},
}


@article{bashar2019,
  author   = {M. S. Safaron and H. A. Majid and B. A. F. Esmail and A. S. Ab Ghafar and F. A. Saparudin and  M. F. Ismail and M. A. Abdullah},
  title    = {{PalÃ©o-astronomie}},
  year     = {2019},
  journal  = {Indonesian Journal of Electrical Engineering and Computer Science},
  volume   = {{14}},
  number   = {{2}},
  pages    = {773-779},
  url      = {https://www.researchgate.net/publication/331960887_Directional_cloverleaf_antenna_for_unmanned_aerial_vehicle_UAV_application},
  doi      = {10.11591/ijeecs.v14.i2.pp773-779},
}

@Book{kaplan,
author       = {Kaplan E.D. and Hegarty C.J.},
title        = {{Understanding GPS: Principles and Applications}},
publisher    = {{Artech House}},
edition      = {second},
year         = {2005},
isbn         = {1580538940},
}

@article{perunov2003radiopodav,
  author = "ÐÐµÑÑÐ½Ð¾Ð² Ð®.Ð. and Ð¤Ð¾Ð¼Ð¸ÑÐµÐ² Ð.Ð. and Ð®Ð´Ð¸Ð½ Ð.Ð.",
  title = "Ð Ð°Ð´Ð¸Ð¾ÑÐ»ÐµÐºÑÑÐ¾Ð½Ð½Ð¾Ðµ Ð¿Ð¾Ð´Ð°Ð²Ð»ÐµÐ½Ð¸Ðµ Ð¸Ð½ÑÐ¾ÑÐ¼Ð°ÑÐ¸Ð¾Ð½Ð½ÑÑ ÐºÐ°Ð½Ð°Ð»Ð¾Ð² ÑÐ¸ÑÑÐµÐ¼ ÑÐ¿ÑÐ°Ð²Ð»ÐµÐ½Ð¸Ñ Ð¾ÑÑÐ¶Ð¸ÐµÐ¼",
  journal = "Ð Ð°Ð´Ð¸Ð¾ÑÐµÑÐ½Ð¸ÐºÐ°",
  publisher = "Ð.: Ð Ð°Ð´Ð¸Ð¾ÑÐµÑÐ½Ð¸ÐºÐ°",
  year = "2003",
  language =     "russian",
}

@book{shirman1998radioelsys,
  author = "Ð¯.Ð. Ð¨Ð¸ÑÐ¼Ð°Ð½",
  title = "Ð Ð°Ð´Ð¸Ð¾ÑÐ»ÐµÐºÑÑÐ¾Ð½Ð½ÑÐµ ÑÐ¸ÑÑÐµÐ¼Ñ. ÐÑÐ½Ð¾Ð²Ñ Ð¿Ð¾ÑÑÑÐ¾ÐµÐ½Ð¸Ñ Ð¸ ÑÐµÐ¾ÑÐ¸Ñ. Ð¡Ð¿ÑÐ°Ð²Ð¾ÑÐ½Ð¸Ðº",
  publisher = "Ð.: ÐÐ¾ÑÐºÐ²Ð°, ÐÐÐ Â«ÐÐÐÐÐÐ¡Â»",
  year = "1998",
  language = "russian",
}





@book{grewal2013global,
  title={Global Navigation Satellite Systems, Inertial Navigation, and Integration},
  author={Grewal, M.S. and Andrews, A.P. and Bartone, C.G.},
  isbn={9781118447000},
  lccn={2012032753},
  year={2013},
  publisher={Wiley}
}

@book{perov2003statteor,
  author    = "ÐÐµÑÐ¾Ð², Ð. Ð.",
  title     = "Ð¡ÑÐ°ÑÐ¸ÑÑÐ¸ÑÐµÑÐºÐ°Ñ ÑÐµÐ¾ÑÐ¸Ñ ÑÐ°Ð´Ð¸Ð¾ÑÐµÑÐ½Ð¸ÑÐµÑÐºÐ¸Ñ ÑÐ¸ÑÑÐµÐ¼",
  publisher = "Ð.: Ð Ð°Ð´Ð¸Ð¾ÑÐµÑÐ½Ð¸ÐºÐ°",
  year      = "2003",
  numpages  = "400",
  language =     "russian",
}

@book{perov2014radiavt,
  author    = "ÐÐµÑÐ¾Ð², Ð. Ð. and ÐÐ°Ð¼Ð¾Ð»Ð¾Ð´ÑÐ¸ÐºÐ¾Ð² Ð.Ð. and Ð§Ð¸Ð»Ð¸ÐºÐ¸Ð½ Ð.Ð.",
  title     = "Ð Ð°Ð´Ð¸Ð¾Ð°Ð²ÑÐ¾Ð¼Ð°ÑÐ¸ÐºÐ°",
  publisher = "Ð.: Ð Ð°Ð´Ð¸Ð¾ÑÐµÑÐ½Ð¸ÐºÐ°",
  year      = "2014",  
  language =     "russian",
}


@Manual{GOST_2_102-68,
  title        = {{ÐÐÐ¡Ð¢ 2.102-68. ÐÐ´Ð¸Ð½Ð°Ñ ÑÐ¸ÑÑÐµÐ¼Ð° ÐºÐ¾Ð½ÑÑÑÑÐºÑÐ¾ÑÑÐºÐ¾Ð¹ Ð´Ð¾ÐºÑÐ¼ÐµÐ½ÑÐ°ÑÐ¸Ð¸. ÐÐ¸Ð´Ñ Ð¸ ÐºÐ¾Ð¼Ð¿Ð»ÐµÐºÑÐ½Ð¾ÑÑÑ ÐºÐ¾Ð½ÑÑÑÑÐºÑÐ¾ÑÑÐºÐ¾Ð¹ Ð´Ð¾ÐºÑÐ¼ÐµÐ½ÑÐ°ÑÐ¸Ð¸. --- ÐÐ·Ð°Ð¼ÐµÐ½ ÐÐÐ¡Ð¢ 5295-60 Ð² ÑÐ°ÑÑÐ¸ ÑÐ°Ð·Ð´. I Ð¸ II Ð¸ ÐÐÐ¡Ð¢ 5291-60; Ð²Ð²ÐµÐ´. 01.01.1971}},
  year         = {1995},
  note = {ÐÐ¾ÑÑÐ´Ð°ÑÑÑÐ²ÐµÐ½Ð½ÑÐ¹ ÑÑÐ°Ð½Ð´Ð°ÑÑ Ð¡Ð¾ÑÐ·Ð° Ð¡Ð¡Ð },
  language =     "russian",
}

@Manual{GOST_2_104-2006,
  title        = {{ÐÐÐ¡Ð¢ 2.104-2006. ÐÐ´Ð¸Ð½Ð°Ñ ÑÐ¸ÑÑÐµÐ¼Ð° ÐºÐ¾Ð½ÑÑÑÑÐºÑÐ¾ÑÑÐºÐ¾Ð¹ Ð´Ð¾ÐºÑÐ¼ÐµÐ½ÑÐ°ÑÐ¸Ð¸. ÐÑÐ½Ð¾Ð²Ð½ÑÐµ Ð½Ð°Ð´Ð¿Ð¸ÑÐ¸. --- ÐÐ·Ð°Ð¼ÐµÐ½ ÐÐÐ¡Ð¢ 2.104-68; Ð²Ð²ÐµÐ´. 01.09.2006}},
  year         = {2007},  
  note = {ÐÐµÐ¶Ð³Ð¾ÑÑÐ´Ð°ÑÑÑÐ²ÐµÐ½Ð½ÑÐ¹ ÑÑÐ°Ð½Ð´Ð°ÑÑ},
  language =     "russian",
}

@Manual{GOST_2_105-95,
  title        = {{ÐÐÐ¡Ð¢ 2.105-95. ÐÐ´Ð¸Ð½Ð°Ñ ÑÐ¸ÑÑÐµÐ¼Ð° ÐºÐ¾Ð½ÑÑÑÑÐºÑÐ¾ÑÑÐºÐ¾Ð¹ Ð´Ð¾ÐºÑÐ¼ÐµÐ½ÑÐ°ÑÐ¸Ð¸. ÐÐ±ÑÐ¸Ðµ ÑÑÐµÐ±Ð¾Ð²Ð°Ð½Ð¸Ñ Ðº ÑÐµÐºÑÑÐ¾Ð²ÑÐ¼ Ð´Ð¾ÐºÑÐ¼ÐµÐ½ÑÐ°Ð¼. --- ÐÐ·Ð°Ð¼ÐµÐ½ ÐÐÐ¡Ð¢ 2.105-79, ÐÐÐ¡Ð¢ 2.906-71; Ð²Ð²ÐµÐ´. 01.07.1996}},
  year         = {2007},  
  organization = {{ÐÐµÐ¶Ð³Ð¾ÑÑÐ´Ð°ÑÑÑÐ²ÐµÐ½Ð½ÑÐ¹ ÑÐ¾Ð²ÐµÑ Ð¿Ð¾ ÑÑÐ°Ð½Ð´Ð°ÑÑÐ¸Ð·Ð°ÑÐ¸Ð¸, Ð¼ÐµÑÑÐ¾Ð»Ð¾Ð³Ð¸Ð¸ Ð¸ ÑÐµÑÑÐ¸ÑÐ¸ÐºÐ°ÑÐ¸Ð¸}},
  note = {ÐÐµÐ¶Ð³Ð¾ÑÑÐ´Ð°ÑÑÑÐ²ÐµÐ½Ð½ÑÐ¹ ÑÑÐ°Ð½Ð´Ð°ÑÑ},
  language =     "russian",
}


@Manual{GOST_2_106-96,
  title        = {{ÐÐÐ¡Ð¢ 2.106-96. ÐÐ´Ð¸Ð½Ð°Ñ ÑÐ¸ÑÑÐµÐ¼Ð° ÐºÐ¾Ð½ÑÑÑÑÐºÑÐ¾ÑÑÐºÐ¾Ð¹ Ð´Ð¾ÐºÑÐ¼ÐµÐ½ÑÐ°ÑÐ¸Ð¸. Ð¢ÐµÐºÑÑÐ¾Ð²ÑÐµ Ð´Ð¾ÐºÑÐ¼ÐµÐ½ÑÑ. --- ÐÐ·Ð°Ð¼ÐµÐ½ ÐÐÐ¡Ð¢ 2.106-68, ÐÐÐ¡Ð¢ 2.108-68, ÐÐÐ¡Ð¢ 2,112-70; Ð²Ð²ÐµÐ´. 01.07.1997}},
  year         = {2007},  
  organization = {{ÐÐµÐ¶Ð³Ð¾ÑÑÐ´Ð°ÑÑÑÐ²ÐµÐ½Ð½ÑÐ¹ ÑÐ¾Ð²ÐµÑ Ð¿Ð¾ ÑÑÐ°Ð½Ð´Ð°ÑÑÐ¸Ð·Ð°ÑÐ¸Ð¸, Ð¼ÐµÑÑÐ¾Ð»Ð¾Ð³Ð¸Ð¸ Ð¸ ÑÐµÑÑÐ¸ÑÐ¸ÐºÐ°ÑÐ¸Ð¸}},
  note = {ÐÐµÐ¶Ð³Ð¾ÑÑÐ´Ð°ÑÑÑÐ²ÐµÐ½Ð½ÑÐ¹ ÑÑÐ°Ð½Ð´Ð°ÑÑ},
  language =     "russian",
}

@Manual{GOST_2_119-73,
  title        = {{ÐÐÐ¡Ð¢ 2.119-73. ÐÐ´Ð¸Ð½Ð°Ñ ÑÐ¸ÑÑÐµÐ¼Ð° ÐºÐ¾Ð½ÑÑÑÑÐºÑÐ¾ÑÑÐºÐ¾Ð¹ Ð´Ð¾ÐºÑÐ¼ÐµÐ½ÑÐ°ÑÐ¸Ð¸. Ð­ÑÐºÐ¸Ð·Ð½ÑÐ¹ Ð¿ÑÐ¾ÐµÐºÑ. --- Ð²Ð²ÐµÐ´. 01.01.1974}},
  year         = {2007},    
  note = {ÐÐµÐ¶Ð³Ð¾ÑÑÐ´Ð°ÑÑÑÐ²ÐµÐ½Ð½ÑÐ¹ ÑÑÐ°Ð½Ð´Ð°ÑÑ},
  language =     "russian",
}

@Manual{GOST_2_601-2006,
  title        = {{ÐÐÐ¡Ð¢ 2.601-2006. ÐÐ´Ð¸Ð½Ð°Ñ ÑÐ¸ÑÑÐµÐ¼Ð° ÐºÐ¾Ð½ÑÑÑÑÐºÑÐ¾ÑÑÐºÐ¾Ð¹ Ð´Ð¾ÐºÑÐ¼ÐµÐ½ÑÐ°ÑÐ¸Ð¸. Ð­ÐºÑÐ¿Ð»ÑÐ°ÑÐ°ÑÐ¸Ð¾Ð½Ð½ÑÐµ Ð´Ð¾ÐºÑÐ¼ÐµÐ½ÑÑ. --- ÐÐ·Ð°Ð¼ÐµÐ½ ÐÐÐ¡Ð¢ 2.601-95; Ð²Ð²ÐµÐ´. 01.09.2006}},
  year         = {2007},  
  organization = {{ÐÐµÐ¶Ð³Ð¾ÑÑÐ´Ð°ÑÑÑÐ²ÐµÐ½Ð½ÑÐ¹ ÑÐ¾Ð²ÐµÑ Ð¿Ð¾ ÑÑÐ°Ð½Ð´Ð°ÑÑÐ¸Ð·Ð°ÑÐ¸Ð¸, Ð¼ÐµÑÑÐ¾Ð»Ð¾Ð³Ð¸Ð¸ Ð¸ ÑÐµÑÑÐ¸ÑÐ¸ÐºÐ°ÑÐ¸Ð¸}},
  note = {ÐÐµÐ¶Ð³Ð¾ÑÑÐ´Ð°ÑÑÑÐ²ÐµÐ½Ð½ÑÐ¹ ÑÑÐ°Ð½Ð´Ð°ÑÑ},
  language =     "russian",
}

@Manual{GOST_2_601-2013,
  title        = {{ÐÐÐ¡Ð¢ 2.601-2013. ÐÐ´Ð¸Ð½Ð°Ñ ÑÐ¸ÑÑÐµÐ¼Ð° ÐºÐ¾Ð½ÑÑÑÑÐºÑÐ¾ÑÑÐºÐ¾Ð¹ Ð´Ð¾ÐºÑÐ¼ÐµÐ½ÑÐ°ÑÐ¸Ð¸. Ð­ÐºÑÐ¿Ð»ÑÐ°ÑÐ°ÑÐ¸Ð¾Ð½Ð½ÑÐµ Ð´Ð¾ÐºÑÐ¼ÐµÐ½ÑÑ. --- ÐÐ·Ð°Ð¼ÐµÐ½ ÐÐÐ¡Ð¢ 2.601-2006; Ð²Ð²ÐµÐ´. 01.06.2014}},
  year         = {2014},  
  organization = {{ÐÐµÐ¶Ð³Ð¾ÑÑÐ´Ð°ÑÑÑÐ²ÐµÐ½Ð½ÑÐ¹ ÑÐ¾Ð²ÐµÑ Ð¿Ð¾ ÑÑÐ°Ð½Ð´Ð°ÑÑÐ¸Ð·Ð°ÑÐ¸Ð¸, Ð¼ÐµÑÑÐ¾Ð»Ð¾Ð³Ð¸Ð¸ Ð¸ ÑÐµÑÑÐ¸ÑÐ¸ÐºÐ°ÑÐ¸Ð¸}},
  note = {ÐÐµÐ¶Ð³Ð¾ÑÑÐ´Ð°ÑÑÑÐ²ÐµÐ½Ð½ÑÐ¹ ÑÑÐ°Ð½Ð´Ð°ÑÑ},
  language =     "russian",
}

@Manual{GOST_2_610-2006,
  title        = {{ÐÐÐ¡Ð¢ 2.610-2006. ÐÐ´Ð¸Ð½Ð°Ñ ÑÐ¸ÑÑÐµÐ¼Ð° ÐºÐ¾Ð½ÑÑÑÑÐºÑÐ¾ÑÑÐºÐ¾Ð¹ Ð´Ð¾ÐºÑÐ¼ÐµÐ½ÑÐ°ÑÐ¸Ð¸. ÐÑÐ°Ð²Ð¸Ð»Ð° Ð²ÑÐ¿Ð¾Ð»Ð½ÐµÐ½Ð¸Ñ ÑÐºÑÐ¿Ð»ÑÐ°ÑÐ°ÑÐ¸Ð¾Ð½Ð½ÑÑ Ð´Ð¾ÐºÑÐ¼ÐµÐ½ÑÐ¾Ð² --- Ð²Ð²ÐµÐ´. 01.09.2006}},
  year         = {2006},  
  organization = {{ÐÐµÐ¶Ð³Ð¾ÑÑÐ´Ð°ÑÑÑÐ²ÐµÐ½Ð½ÑÐ¹ ÑÐ¾Ð²ÐµÑ Ð¿Ð¾ ÑÑÐ°Ð½Ð´Ð°ÑÑÐ¸Ð·Ð°ÑÐ¸Ð¸, Ð¼ÐµÑÑÐ¾Ð»Ð¾Ð³Ð¸Ð¸ Ð¸ ÑÐµÑÑÐ¸ÑÐ¸ÐºÐ°ÑÐ¸Ð¸}},
  note = {ÐÐµÐ¶Ð³Ð¾ÑÑÐ´Ð°ÑÑÑÐ²ÐµÐ½Ð½ÑÐ¹ ÑÑÐ°Ð½Ð´Ð°ÑÑ},
  language =     "russian",
}

@Manual{GOST_2_611-2011,
  title        = {{ÐÐÐ¡Ð¢ 2.611-2011. ÐÐ´Ð¸Ð½Ð°Ñ ÑÐ¸ÑÑÐµÐ¼Ð° ÐºÐ¾Ð½ÑÑÑÑÐºÑÐ¾ÑÑÐºÐ¾Ð¹ Ð´Ð¾ÐºÑÐ¼ÐµÐ½ÑÐ°ÑÐ¸Ð¸. Ð­Ð»ÐµÐºÑÑÐ¾Ð½Ð½ÑÐ¹ ÐºÐ°ÑÐ°Ð»Ð¾Ð³ Ð¸Ð·Ð´ÐµÐ»Ð¸Ð¹. ÐÐ±ÑÐ¸Ðµ Ð¿Ð¾Ð»Ð¾Ð¶ÐµÐ½Ð¸Ñ. --- Ð²Ð²ÐµÐ´. 01.01.2012}},
  year         = {2012},  
  organization = {{ÐÐµÐ¶Ð³Ð¾ÑÑÐ´Ð°ÑÑÑÐ²ÐµÐ½Ð½ÑÐ¹ ÑÐ¾Ð²ÐµÑ Ð¿Ð¾ ÑÑÐ°Ð½Ð´Ð°ÑÑÐ¸Ð·Ð°ÑÐ¸Ð¸, Ð¼ÐµÑÑÐ¾Ð»Ð¾Ð³Ð¸Ð¸ Ð¸ ÑÐµÑÑÐ¸ÑÐ¸ÐºÐ°ÑÐ¸Ð¸}},
  note = {ÐÐµÐ¶Ð³Ð¾ÑÑÐ´Ð°ÑÑÑÐ²ÐµÐ½Ð½ÑÐ¹ ÑÑÐ°Ð½Ð´Ð°ÑÑ},
  language =     "russian",
}

@Manual{GOST_15150-69,
  title        = {{ÐÐÐ¡Ð¢ 15150-69. ÐÐ°ÑÐ¸Ð½Ñ, Ð¿ÑÐ¸Ð±Ð¾ÑÑ Ð¸ Ð´ÑÑÐ³Ð¸Ðµ ÑÐµÑÐ½Ð¸ÑÐµÑÐºÐ¸Ðµ Ð¸Ð·Ð´ÐµÐ»Ð¸Ñ. ÐÑÐ¿Ð¾Ð»Ð½ÐµÐ½Ð¸Ñ Ð´Ð»Ñ ÑÐ°Ð·Ð»Ð¸ÑÐ½ÑÑ ÐºÐ»Ð¸Ð¼Ð°ÑÐ¸ÑÐµÑÐºÐ¸Ñ ÑÐ°Ð¹Ð¾Ð½Ð¾Ð². ÐÐ°ÑÐµÐ³Ð¾ÑÐ¸Ð¸, ÑÑÐ»Ð¾Ð²Ð¸Ñ ÑÐºÑÐ¿Ð»ÑÐ°ÑÐ°ÑÐ¸Ð¸, ÑÑÐ°Ð½ÐµÐ½Ð¸Ñ Ð¸ ÑÑÐ°Ð½ÑÐ¿Ð¾ÑÑÐ¸ÑÐ¾Ð²Ð°Ð½Ð¸Ñ Ð² ÑÐ°ÑÑÐ¸ Ð²Ð¾Ð·Ð´ÐµÐ¹ÑÑÐ²Ð¸Ñ ÐºÐ»Ð¸Ð¼Ð°ÑÐ¸ÑÐµÑÐºÐ¸Ñ ÑÐ°ÐºÑÐ¾ÑÐ¾Ð² Ð²Ð½ÐµÑÐ½ÐµÐ¹ ÑÑÐµÐ´Ñ.  --- Ð²Ð²ÐµÐ´. 01.01.71}},
  year         = {2010},  
  note = {ÐÐµÐ¶Ð³Ð¾ÑÑÐ´Ð°ÑÑÑÐ²ÐµÐ½Ð½ÑÐ¹ ÑÑÐ°Ð½Ð´Ð°ÑÑ},
  language =     "russian",
}

@Manual{GOST_RV_20_39.309-98,
  title        = {{ÐÐÐ¡Ð¢ Ð Ð 20.39.309-98. ÐÐ¾Ð¼Ð¿Ð»ÐµÐºÑÐ½Ð°Ñ ÑÐ¸ÑÑÐµÐ¼Ð° Ð¾Ð±ÑÐ¸Ñ ÑÐµÑÐ½Ð¸ÑÐµÑÐºÐ¸Ñ ÑÑÐµÐ±Ð¾Ð²Ð°Ð½Ð¸Ð¹. ÐÐ¿Ð¿Ð°ÑÐ°ÑÑÑÐ°, Ð¿ÑÐ¸Ð±Ð¾ÑÑ, ÑÑÑÑÐ¾Ð¹ÑÑÐ²Ð° Ð¸ Ð¾Ð±Ð¾ÑÑÐ´Ð¾Ð²Ð°Ð½Ð¸Ðµ Ð²Ð¾ÐµÐ½Ð½Ð¾Ð³Ð¾ Ð½Ð°Ð·Ð½Ð°ÑÐµÐ½Ð¸Ñ. ÐÐ¾Ð½ÑÑÑÑÐºÑÐ¸Ð²Ð½Ð¾-ÑÐµÑÐ½Ð¸ÑÐµÑÐºÐ¸Ðµ ÑÑÐµÐ±Ð¾Ð²Ð°Ð½Ð¸Ñ. --- ÐÐ·Ð°Ð¼ÐµÐ½ ÐÐÐ¡Ð¢ 20.39.308-76, ÐÐÐ¡Ð¢ 20.39.308-85; Ð²Ð²ÐµÐ´. 26.05.1998}},
  year         = {2014},  
  note = {ÐÐ¾ÑÑÐ´Ð°ÑÑÑÐ²ÐµÐ½Ð½ÑÐ¹ ÑÑÐ°Ð½Ð´Ð°ÑÑ Ð Ð¾ÑÑÐ¸Ð¹ÑÐºÐ¾Ð¹ Ð¤ÐµÐ´ÐµÑÐ°ÑÐ¸Ð¸},
  language =     "russian",
}

@Manual{GOST_RV_1_1-96,
  title        = {{ÐÐÐ¡Ð¢ Ð Ð 1.1-96. ÐÐ¾ÑÑÐ´Ð°ÑÑÑÐ²ÐµÐ½Ð½Ð°Ñ ÑÐ¸ÑÑÐµÐ¼Ð° ÑÑÐ°Ð½Ð´Ð°ÑÑÐ¸Ð·Ð°ÑÐ¸Ð¸ Ð Ð¾ÑÑÐ¸Ð¹ÑÐºÐ¾Ð¹ Ð¤ÐµÐ´ÐµÑÐ°ÑÐ¸Ð¸. ÐÐµÑÑÐ¾Ð»Ð¾Ð³Ð¸ÑÐµÑÐºÐ¾Ðµ Ð¾Ð±ÐµÑÐ¿ÐµÑÐµÐ½Ð¸Ðµ Ð²Ð¾Ð¾ÑÑÐ¶ÐµÐ½Ð¸Ñ Ð¸ Ð²Ð¾ÐµÐ½Ð½Ð¾Ð¹ ÑÐµÑÐ½Ð¸ÐºÐ¸. ÐÑÐ½Ð¾Ð²Ð½ÑÐµ Ð¿Ð¾Ð»Ð¾Ð¶ÐµÐ½Ð¸Ñ. --- Ð²Ð²ÐµÐ´. 01.01.1997}},
  year         = {1997},  
  note = {ÐÐ¾ÑÑÐ´Ð°ÑÑÑÐ²ÐµÐ½Ð½ÑÐ¹ ÑÑÐ°Ð½Ð´Ð°ÑÑ Ð Ð¾ÑÑÐ¸Ð¹ÑÐºÐ¾Ð¹ Ð¤ÐµÐ´ÐµÑÐ°ÑÐ¸Ð¸},
  language =     "russian",
}

@Manual{GOST_RV_0001_002-2006,
  title        = {{ÐÐÐ¡Ð¢ Ð Ð 0001.002-2006. Ð¡Ð¸ÑÑÐµÐ¼Ð° ÑÑÐ°Ð½Ð´Ð°ÑÑÐ¸Ð·Ð°ÑÐ¸Ð¸ Ð¾Ð±Ð¾ÑÐ¾Ð½Ð½Ð¾Ð¹ Ð¿ÑÐ¾Ð´ÑÐºÑÐ¸Ð¸. ÐÐ»Ð°Ð½Ð¸ÑÐ¾Ð²Ð°Ð½Ð¸Ðµ ÑÐ°Ð±Ð¾Ñ Ð¿Ð¾ ÑÑÐ°Ð½Ð´Ð°ÑÑÐ¸Ð·Ð°ÑÐ¸Ð¸ Ð¾Ð±Ð¾ÑÐ¾Ð½Ð½Ð¾Ð¹ Ð¿ÑÐ¾Ð´ÑÐºÑÐ¸Ð¸. ÐÑÐ½Ð¾Ð²Ð½ÑÐµ Ð¿Ð¾Ð»Ð¾Ð¶ÐµÐ½Ð¸Ñ. --- Ð²Ð²ÐµÐ´. 01.07.2006}},
  year         = {2006},  
  note = {ÐÐ¾ÑÑÐ´Ð°ÑÑÑÐ²ÐµÐ½Ð½ÑÐ¹ Ð²Ð¾ÐµÐ½Ð½ÑÐ¹ ÑÑÐ°Ð½Ð´Ð°ÑÑ},
  language =     "russian",
}

@Manual{GOST_RV_8_570-98,
  title        = {{ÐÐÐ¡Ð¢ Ð Ð 8.570-98. ÐÐµÑÑÐ¾Ð»Ð¾Ð³Ð¸ÑÐµÑÐºÐ¾Ðµ Ð¾Ð±ÐµÑÐ¿ÐµÑÐµÐ½Ð¸Ðµ Ð¸ÑÐ¿ÑÑÐ°Ð½Ð¸Ð¹ Ð²Ð¾Ð¾ÑÑÐ¶ÐµÐ½Ð¸Ñ Ð¸ Ð²Ð¾ÐµÐ½Ð½Ð¾Ð¹ ÑÐµÑÐ½Ð¸ÐºÐ¸. ÐÑÐ½Ð¾Ð²Ð½ÑÐµ Ð¿Ð¾Ð»Ð¾Ð¶ÐµÐ½Ð¸Ñ. --- Ð²Ð²ÐµÐ´. 01.01.1999}},
  year         = {2009},  
  note = {ÐÐ¾ÑÑÐ´Ð°ÑÑÑÐ²ÐµÐ½Ð½ÑÐ¹ ÑÑÐ°Ð½Ð´Ð°ÑÑ Ð Ð¾ÑÑÐ¸Ð¹ÑÐºÐ¾Ð¹ Ð¤ÐµÐ´ÐµÑÐ°ÑÐ¸Ð¸},
  language =     "russian",
}

@Manual{GOST_RV_8_573-2000,
  title        = {{ÐÐÐ¡Ð¢ Ð Ð 8.573-2000. ÐÐ¾ÑÑÐ´Ð°ÑÑÑÐ²ÐµÐ½Ð½Ð°Ñ ÑÐ¸ÑÑÐµÐ¼Ð° Ð¾Ð±ÐµÑÐ¿ÐµÑÐµÐ½Ð¸Ñ ÐµÐ´Ð¸Ð½ÑÑÐ²Ð° Ð¸Ð·Ð¼ÐµÑÐµÐ½Ð¸Ð¹ (ÐÐ¡Ð). ÐÐµÑÑÐ¾Ð»Ð¾Ð³Ð¸ÑÐµÑÐºÐ°Ñ ÑÐºÑÐ¿ÐµÑÑÐ¸Ð·Ð° Ð¾Ð±ÑÐ°Ð·ÑÐ¾Ð² Ð²Ð¾Ð¾ÑÑÐ¶ÐµÐ½Ð¸Ñ Ð¸ Ð²Ð¾ÐµÐ½Ð½Ð¾Ð¹ ÑÐµÑÐ½Ð¸ÐºÐ¸. ÐÑÐ³Ð°Ð½Ð¸Ð·Ð°ÑÐ¸Ñ Ð¸ Ð¿Ð¾ÑÑÐ´Ð¾Ðº Ð¿ÑÐ¾Ð²ÐµÐ´ÐµÐ½Ð¸Ñ. --- ÐÐ·Ð°Ð¼ÐµÐ½ ÐÐÐ¡Ð¢ Ð 8.399-87; Ð²Ð²ÐµÐ´. 01.07.2000}},
  year         = {2000},  
  note = {ÐÐ¾ÑÑÐ´Ð°ÑÑÑÐ²ÐµÐ½Ð½ÑÐ¹ Ð²Ð¾ÐµÐ½Ð½ÑÐ¹ ÑÑÐ°Ð½Ð´Ð°ÑÑ Ð Ð¾ÑÑÐ¸Ð¹ÑÐºÐ¾Ð¹ Ð¤ÐµÐ´ÐµÑÐ°ÑÐ¸Ð¸},
  language =     "russian",
}

@Manual{GOST_RV_8_596-2002,
  title        = {{ÐÐÐ¡Ð¢ Ð Ð 8.596-2002. ÐÐ¾ÑÑÐ´Ð°ÑÑÑÐ²ÐµÐ½Ð½Ð°Ñ ÑÐ¸ÑÑÐµÐ¼Ð° Ð¾Ð±ÐµÑÐ¿ÐµÑÐµÐ½Ð¸Ñ ÐµÐ´Ð¸Ð½ÑÑÐ²Ð° Ð¸Ð·Ð¼ÐµÑÐµÐ½Ð¸Ð¹ (ÐÐ¡Ð). ÐÐµÑÑÐ¾Ð»Ð¾Ð³Ð¸ÑÐµÑÐºÐ¾Ðµ Ð¾Ð±ÐµÑÐ¿ÐµÑÐµÐ½Ð¸Ðµ Ð¸Ð·Ð¼ÐµÑÐ¸ÑÐµÐ»ÑÐ½ÑÑ ÑÐ¸ÑÑÐµÐ¼. ÐÑÐ½Ð¾Ð²Ð½ÑÐµ Ð¿Ð¾Ð»Ð¾Ð¶ÐµÐ½Ð¸Ñ. --- ÐÐ·Ð°Ð¼ÐµÐ½ ÐÐ 2438-97; Ð²Ð²ÐµÐ´. 01.03.2003}},
  year         = {2002},  
  note = {ÐÐ¾ÑÑÐ´Ð°ÑÑÑÐ²ÐµÐ½Ð½ÑÐ¹ ÑÑÐ°Ð½Ð´Ð°ÑÑ Ð Ð¾ÑÑÐ¸Ð¹ÑÐºÐ¾Ð¹ Ð¤ÐµÐ´ÐµÑÐ°ÑÐ¸Ð¸},
  language =     "russian",
}

@Manual{GOST_RV_15_110-2003,
  title        = {{ÐÐÐ¡Ð¢ Ð Ð 15.110-2003. Ð¡Ð¸ÑÑÐµÐ¼Ð° ÑÐ°Ð·ÑÐ°Ð±Ð¾ÑÐºÐ¸ Ð¸ Ð¿Ð¾ÑÑÐ°Ð½Ð¾Ð²ÐºÐ¸ Ð¿ÑÐ¾Ð´ÑÐºÑÐ¸Ð¸ Ð½Ð° Ð¿ÑÐ¾Ð¸Ð·Ð²Ð¾Ð´ÑÑÐ²Ð¾ Ð²Ð¾ÐµÐ½Ð½Ð°Ñ ÑÐµÑÐ½Ð¸ÐºÐ°. ÐÐ¾ÐºÑÐ¼ÐµÐ½ÑÐ°ÑÐ¸Ñ Ð¾ÑÑÐµÑÐ½Ð°Ñ Ð½Ð°ÑÑÐ½Ð¾-ÑÐµÑÐ½Ð¸ÑÐµÑÐºÐ°Ñ Ð½Ð° Ð½Ð°ÑÑÐ½Ð¾-Ð¸ÑÑÐ»ÐµÐ´Ð¾Ð²Ð°ÑÐµÐ»ÑÑÐºÐ¸Ðµ ÑÐ°Ð±Ð¾ÑÑ, Ð°Ð²Ð°Ð½Ð¿ÑÐ¾ÐµÐºÑÑ Ð¸ Ð¾Ð¿ÑÑÐ½Ð¾-ÐºÐ¾Ð½ÑÑÑÑÐºÑÐ¾ÑÑÐºÐ¸Ðµ ÑÐ°Ð±Ð¾ÑÑ. --- ÐÐ·Ð°Ð¼ÐµÐ½ ÐÐÐ¡Ð¢ Ð 15.110-81; Ð²Ð²ÐµÐ´. 01.01.2004}},
  year         = {2003},  
  note = {ÐÐ¾ÑÑÐ´Ð°ÑÑÑÐ²ÐµÐ½Ð½ÑÐ¹ Ð²Ð¾ÐµÐ½Ð½ÑÐ¹ ÑÑÐ°Ð½Ð´Ð°ÑÑ Ð Ð¾ÑÑÐ¸Ð¹ÑÐºÐ¾Ð¹ Ð¤ÐµÐ´ÐµÑÐ°ÑÐ¸Ð¸},
  language =     "russian",
}

@Manual{GOST_RV_15_201-2003,
  title        = {{ÐÐÐ¡Ð¢ Ð Ð 15.201-2003. Ð¡Ð¸ÑÑÐµÐ¼Ð° ÑÐ°Ð·ÑÐ°Ð±Ð¾ÑÐºÐ¸ Ð¸ Ð¿Ð¾ÑÑÐ°Ð½Ð¾Ð²ÐºÐ¸ Ð½Ð° Ð¿ÑÐ¾Ð¸Ð·Ð²Ð¾Ð´ÑÑÐ²Ð¾.
ÐÐ¾ÐµÐ½Ð½Ð°Ñ ÑÐµÑÐ½Ð¸ÐºÐ°. Ð¢Ð°ÐºÑÐ¸ÐºÐ¾-ÑÐµÑÐ½Ð¸ÑÐµÑÐºÐ¾Ðµ (ÑÐµÑÐ½Ð¸ÑÐµÑÐºÐ¾Ðµ) Ð·Ð°Ð´Ð°Ð½Ð¸Ðµ Ð½Ð° Ð²ÑÐ¿Ð¾Ð»Ð½ÐµÐ½Ð¸Ðµ Ð¾Ð¿ÑÑÐ½Ð¾-ÐºÐ¾Ð½ÑÑÑÑÐºÑÐ¾ÑÑÐºÐ¸Ñ ÑÐ°Ð±Ð¾Ñ. --- Ð²Ð²ÐµÐ´. 01.01.2004}},
  year         = {2003},  
  note = {ÐÐ¾ÑÑÐ´Ð°ÑÑÑÐ²ÐµÐ½Ð½ÑÐ¹ Ð²Ð¾ÐµÐ½Ð½ÑÐ¹ ÑÑÐ°Ð½Ð´Ð°ÑÑ Ð Ð¾ÑÑÐ¸Ð¹ÑÐºÐ¾Ð¹ Ð¤ÐµÐ´ÐµÑÐ°ÑÐ¸Ð¸},
  language =     "russian",
}

@Manual{GOST_RV_15_203-2001,
  title        = {{ÐÐÐ¡Ð¢ Ð Ð 15.203-2001. Ð¡Ð¸ÑÑÐµÐ¼Ð° ÑÐ°Ð·ÑÐ°Ð±Ð¾ÑÐºÐ¸ Ð¸ Ð¿Ð¾ÑÑÐ°Ð½Ð¾Ð²ÐºÐ¸ Ð¿ÑÐ¾Ð´ÑÐºÑÐ¸Ð¸ Ð½Ð° Ð¿ÑÐ¾Ð¸Ð·Ð²Ð¾Ð´ÑÑÐ²Ð¾. ÐÐ¾ÐµÐ½Ð½Ð°Ñ ÑÐµÑÐ½Ð¸ÐºÐ°. ÐÐ¾ÑÑÐ´Ð¾Ðº Ð²ÑÐ¿Ð¾Ð»Ð½ÐµÐ½Ð¸Ñ Ð¾Ð¿ÑÑÐ½Ð¾-ÐºÐ¾Ð½ÑÑÑÑÐºÑÐ¾ÑÑÐºÐ¸Ñ ÑÐ°Ð±Ð¾Ñ Ð¿Ð¾ ÑÐ¾Ð·Ð´Ð°Ð½Ð¸Ñ Ð¸Ð·Ð´ÐµÐ»Ð¸Ð¹ Ð¸ Ð¸Ñ ÑÐ¾ÑÑÐ°Ð²Ð½ÑÑ ÑÐ°ÑÑÐµÐ¹. --- ÐÐ·Ð°Ð¼ÐµÐ½ ÐÐÐ¡Ð¢ Ð 15.203-79, ÐÐÐ¡Ð¢ Ð 15.204-79; Ð²Ð²ÐµÐ´. 01.01.2003}},
  year         = {2003},  
  note = {ÐÐ¾ÑÑÐ´Ð°ÑÑÑÐ²ÐµÐ½Ð½ÑÐ¹ Ð²Ð¾ÐµÐ½Ð½ÑÐ¹ ÑÑÐ°Ð½Ð´Ð°ÑÑ Ð Ð¾ÑÑÐ¸Ð¹ÑÐºÐ¾Ð¹ Ð¤ÐµÐ´ÐµÑÐ°ÑÐ¸Ð¸},
  language =     "russian",
}

@Manual{GOST_RV_15_210-2001,
  title        = {{ÐÐÐ¡Ð¢ Ð Ð 15.210-2001. Ð¡Ð¸ÑÑÐµÐ¼Ð° Ð¿Ð¾ÑÑÐ°Ð½Ð¾Ð²ÐºÐ¸ Ð¿ÑÐ¾Ð´ÑÐºÑÐ¸Ð¸ Ð½Ð° Ð¿ÑÐ¾Ð¸Ð·Ð²Ð¾Ð´ÑÑÐ²Ð¾. ÐÐ¾ÐµÐ½Ð½Ð°Ñ ÑÐµÑÐ½Ð¸ÐºÐ°. ÐÑÐ¿ÑÑÐ°Ð½Ð¸Ñ Ð¾Ð¿ÑÑÐ½ÑÑ Ð¾Ð±ÑÐ°Ð·ÑÐ¾Ð² Ð¸Ð·Ð´ÐµÐ»Ð¸Ð¹ Ð¸ Ð¾Ð¿ÑÑÐ½ÑÑ ÑÐµÐ¼Ð¾Ð½ÑÐ½ÑÑ Ð¾Ð±ÑÐ°Ð·ÑÐ¾Ð² Ð¸Ð·Ð´ÐµÐ»Ð¸Ð¹. ÐÑÐ½Ð¾Ð²Ð½ÑÐµ Ð¿Ð¾Ð»Ð¾Ð¶ÐµÐ½Ð¸Ñ. --- ÐÐ·Ð°Ð¼ÐµÐ½ ÐÐÐ¡Ð¢ Ð 15.210-78; Ð²Ð²ÐµÐ´. 01.01.2003}},
  year         = {2003},  
  note = {ÐÐ¾ÑÑÐ´Ð°ÑÑÑÐ²ÐµÐ½Ð½ÑÐ¹ Ð²Ð¾ÐµÐ½Ð½ÑÐ¹ ÑÑÐ°Ð½Ð´Ð°ÑÑ Ð Ð¾ÑÑÐ¸Ð¹ÑÐºÐ¾Ð¹ Ð¤ÐµÐ´ÐµÑÐ°ÑÐ¸Ð¸},
  language =     "russian",
}

@Manual{GOST_RV_15_211-2002,
  title        = {{ÐÐÐ¡Ð¢ Ð Ð 15.211-2002. Ð¡Ð¸ÑÑÐµÐ¼Ð° ÑÐ°Ð·ÑÐ°Ð±Ð¾ÑÐºÐ¸ Ð¸ Ð¿Ð¾ÑÑÐ°Ð½Ð¾Ð²ÐºÐ¸ Ð¿ÑÐ¾Ð´ÑÐºÑÐ¸Ð¸ Ð½Ð° Ð¿ÑÐ¾Ð¸Ð·Ð²Ð¾Ð´ÑÑÐ²Ð¾ Ð²Ð¾ÐµÐ½Ð½Ð°Ñ ÑÐµÑÐ½Ð¸ÐºÐ°.
ÐÐ¾ÑÑÐ´Ð¾Ðº ÑÐ°Ð·ÑÐ°Ð±Ð¾ÑÐºÐ¸ Ð¿ÑÐ¾Ð³ÑÐ°Ð¼Ð¼ Ð¸ Ð¼ÐµÑÐ¾Ð´Ð¸Ðº Ð¸ÑÐ¿ÑÑÐ°Ð½Ð¸Ð¹ Ð¾Ð¿ÑÑÐ½ÑÑ Ð¾Ð±ÑÐ°Ð·ÑÐ¾Ð² Ð¸Ð·Ð´ÐµÐ»Ð¸Ð¹. ÐÑÐ½Ð¾Ð²Ð½ÑÐµ Ð¿Ð¾Ð»Ð¾Ð¶ÐµÐ½Ð¸Ñ. --- ÐÐ·Ð°Ð¼ÐµÐ½ ÐÐÐ¡Ð¢ Ð 15.211-78; Ð²Ð²ÐµÐ´. 01.01.2004}},
  year         = {2002},  
  note = {ÐÐ¾ÑÑÐ´Ð°ÑÑÑÐ²ÐµÐ½Ð½ÑÐ¹ Ð²Ð¾ÐµÐ½Ð½ÑÐ¹ ÑÑÐ°Ð½Ð´Ð°ÑÑ Ð Ð¾ÑÑÐ¸Ð¹ÑÐºÐ¾Ð¹ Ð¤ÐµÐ´ÐµÑÐ°ÑÐ¸Ð¸},
  language =     "russian",
}

@Manual{GOST_RV_20_39_304-98,
  title        = {{ÐÐÐ¡Ð¢ Ð Ð 20.39.304-98. ÐÐ¾Ð¼Ð¿Ð»ÐµÐºÑÐ½Ð°Ñ ÑÐ¸ÑÑÐµÐ¼Ð° Ð¾Ð±ÑÐ¸Ñ ÑÐµÑÐ½Ð¸ÑÐµÑÐºÐ¸Ñ ÑÑÐµÐ±Ð¾Ð²Ð°Ð½Ð¸Ð¹. ÐÐ¿Ð¿Ð°ÑÐ°ÑÑÑÐ°, Ð¿ÑÐ¸Ð±Ð¾ÑÑ, ÑÑÑÑÐ¾Ð¹ÑÑÐ²Ð° Ð¸ Ð¾Ð±Ð¾ÑÑÐ´Ð¾Ð²Ð°Ð½Ð¸Ðµ Ð²Ð¾ÐµÐ½Ð½Ð¾Ð³Ð¾ Ð½Ð°Ð·Ð½Ð°ÑÐµÐ½Ð¸Ñ. Ð¢ÑÐµÐ±Ð¾Ð²Ð°Ð½Ð¸Ñ ÑÑÐ¾Ð¹ÐºÐ¾ÑÑÐ¸ Ðº Ð²Ð½ÐµÑÐ½Ð¸Ð¼ Ð²Ð¾Ð·Ð´ÐµÐ¹ÑÑÐ²ÑÑÑÐ¸Ð¼ ÑÐ°ÐºÑÐ¾ÑÐ°Ð¼. --- ÐÐ·Ð°Ð¼ÐµÐ½ ÐÐÐ¡Ð¢ Ð 20.39.304-76, ÐÐÐ¡Ð¢ Ð 20.39.304-85; Ð²Ð²ÐµÐ´. 01.01.1999}},
  year         = {1998},  
  note = {ÐÐ¾ÑÑÐ´Ð°ÑÑÑÐ²ÐµÐ½Ð½ÑÐ¹ ÑÑÐ°Ð½Ð´Ð°ÑÑ Ð Ð¾ÑÑÐ¸Ð¹ÑÐºÐ¾Ð¹ Ð¤ÐµÐ´ÐµÑÐ°ÑÐ¸Ð¸},
  language =     "russian",
}

@Manual{GOST_RV_20_57_306-98,
  title        = {{ÐÐÐ¡Ð¢ Ð Ð 20.57.306-98. ÐÐ¾Ð¼Ð¿Ð»ÐµÐºÑÐ½Ð°Ñ ÑÐ¸ÑÑÐµÐ¼Ð° ÐºÐ¾Ð½ÑÑÐ¾Ð»Ñ ÐºÐ°ÑÐµÑÑÐ²Ð°. ÐÐ¿Ð¿Ð°ÑÐ°ÑÑ, Ð¿ÑÐ¸Ð±Ð¾ÑÑ, ÑÑÑÑÐ¾Ð¹ÑÑÐ²Ð° Ð¸ Ð¾Ð±Ð¾ÑÑÐ´Ð¾Ð²Ð°Ð½Ð¸Ðµ Ð²Ð¾ÐµÐ½Ð½Ð¾Ð³Ð¾ Ð½Ð°Ð·Ð½Ð°ÑÐµÐ½Ð¸Ñ. ÐÐµÑÐ¾Ð´Ñ Ð¸ÑÐ¿ÑÑÐ°Ð½Ð¸Ð¹ Ð½Ð° Ð²Ð¾Ð·Ð´ÐµÐ¹ÑÑÐ²Ð¸Ðµ ÐºÐ»Ð¸Ð¼Ð°ÑÐ¸ÑÐµÑÐºÐ¸Ñ ÑÐ°ÐºÑÐ¾ÑÐ¾Ð².
 --- Ð²Ð²ÐµÐ´. 01.01.1999}},
  year         = {1998},  
  note = {ÐÐ¾ÑÑÐ´Ð°ÑÑÑÐ²ÐµÐ½Ð½ÑÐ¹ ÑÑÐ°Ð½Ð´Ð°ÑÑ Ð Ð¾ÑÑÐ¸Ð¹ÑÐºÐ¾Ð¹ Ð¤ÐµÐ´ÐµÑÐ°ÑÐ¸Ð¸},
  language =     "russian",
}

@Manual{GOST_RV_27_1_02-2005,
  title        = {{ÐÐÐ¡Ð¢ Ð Ð 27.1.02-2005. ÐÐ°Ð´ÐµÐ¶Ð½Ð¾ÑÑÑ Ð²Ð¾ÐµÐ½Ð½Ð¾Ð¹ ÑÐµÑÐ½Ð¸ÐºÐ¸. ÐÑÐ¾Ð³ÑÐ°Ð¼Ð¼Ð° Ð¾Ð±ÐµÑÐ¿ÐµÑÐµÐ½Ð¸Ñ Ð½Ð°Ð´ÐµÐ¶Ð½Ð¾ÑÑÐ¸. ÐÐ±ÑÐ¸Ðµ ÑÑÐµÐ±Ð¾Ð²Ð°Ð½Ð¸Ñ. --- Ð²Ð²ÐµÐ´. 01.01.2006}},
  year         = {2005}, 
  organization = {{Ð¤ÐµÐ´ÐµÑÐ°Ð»ÑÐ½Ð¾Ðµ Ð°Ð³ÐµÐ½ÑÑÐ²Ð¾ Ð¿Ð¾ ÑÐµÑÐ½Ð¸ÑÐµÑÐºÐ¾Ð¼Ñ ÑÐµÐ³ÑÐ»Ð¸ÑÐ¾Ð²Ð°Ð½Ð¸Ñ Ð¸ Ð¼ÐµÑÑÐ¾Ð»Ð¾Ð³Ð¸Ð¸}},
  note = {ÐÐ¾ÑÑÐ´Ð°ÑÑÑÐ²ÐµÐ½Ð½ÑÐ¹ Ð²Ð¾ÐµÐ½Ð½ÑÐ¹ ÑÑÐ°Ð½Ð´Ð°ÑÑ Ð Ð¾ÑÑÐ¸Ð¹ÑÐºÐ¾Ð¹ Ð¤ÐµÐ´ÐµÑÐ°ÑÐ¸Ð¸},
  language =     "russian",
}

@Manual{GOST_RV_27_3_01-2005,
  title        = {{ÐÐÐ¡Ð¢ Ð Ð 27.3.01-2005. ÐÐ°Ð´ÐµÐ¶Ð½Ð¾ÑÑÑ Ð²Ð¾ÐµÐ½Ð½Ð¾Ð¹ ÑÐµÑÐ½Ð¸ÐºÐ¸. Ð¡Ð¾ÑÑÐ°Ð² Ð¸ Ð¾Ð±ÑÐ¸Ðµ Ð¿ÑÐ°Ð²Ð¸Ð»Ð° Ð·Ð°Ð´Ð°Ð½Ð¸Ñ ÑÑÐµÐ±Ð¾Ð²Ð°Ð½Ð¸Ð¹ Ðº Ð½Ð°Ð´ÐµÐ¶Ð½Ð¾ÑÑÐ¸. --- Ð²Ð²ÐµÐ´. 01.01.2006}},
  year         = {2005}, 
  organization = {{Ð¤ÐµÐ´ÐµÑÐ°Ð»ÑÐ½Ð¾Ðµ Ð°Ð³ÐµÐ½ÑÑÐ²Ð¾ Ð¿Ð¾ ÑÐµÑÐ½Ð¸ÑÐµÑÐºÐ¾Ð¼Ñ ÑÐµÐ³ÑÐ»Ð¸ÑÐ¾Ð²Ð°Ð½Ð¸Ñ Ð¸ Ð¼ÐµÑÑÐ¾Ð»Ð¾Ð³Ð¸Ð¸}},
  note = {ÐÐ¾ÑÑÐ´Ð°ÑÑÑÐ²ÐµÐ½Ð½ÑÐ¹ Ð²Ð¾ÐµÐ½Ð½ÑÐ¹ ÑÑÐ°Ð½Ð´Ð°ÑÑ Ð Ð¾ÑÑÐ¸Ð¹ÑÐºÐ¾Ð¹ Ð¤ÐµÐ´ÐµÑÐ°ÑÐ¸Ð¸},
  language =     "russian",
}

@Manual{GOST_RV_27_3_03-2005,
  title        = {{ÐÐÐ¡Ð¢ Ð Ð 27.3.03-2005. ÐÐ°Ð´ÐµÐ¶Ð½Ð¾ÑÑÑ Ð²Ð¾ÐµÐ½Ð½Ð¾Ð¹ ÑÐµÑÐ½Ð¸ÐºÐ¸. ÐÑÐµÐ½ÐºÐ° Ð¸ ÑÐ°ÑÑÐµÑ Ð·Ð°Ð¿Ð°ÑÐ¾Ð² Ð² ÐºÐ¾Ð¼Ð¿Ð»ÐµÐºÑÐ°Ñ ÐÐÐ. --- Ð²Ð²ÐµÐ´. 01.01.2006}},
  year         = {2005}, 
  organization = {{Ð¤ÐµÐ´ÐµÑÐ°Ð»ÑÐ½Ð¾Ðµ Ð°Ð³ÐµÐ½ÑÑÐ²Ð¾ Ð¿Ð¾ ÑÐµÑÐ½Ð¸ÑÐµÑÐºÐ¾Ð¼Ñ ÑÐµÐ³ÑÐ»Ð¸ÑÐ¾Ð²Ð°Ð½Ð¸Ñ Ð¸ Ð¼ÐµÑÑÐ¾Ð»Ð¾Ð³Ð¸Ð¸}},
  note = {ÐÐ¾ÑÑÐ´Ð°ÑÑÑÐ²ÐµÐ½Ð½ÑÐ¹ Ð²Ð¾ÐµÐ½Ð½ÑÐ¹ ÑÑÐ°Ð½Ð´Ð°ÑÑ Ð Ð¾ÑÑÐ¸Ð¹ÑÐºÐ¾Ð¹ Ð¤ÐµÐ´ÐµÑÐ°ÑÐ¸Ð¸},
  language =     "russian",
}

@Manual{GOST_RV_0027_009-2008,
  title        = {{ÐÐÐ¡Ð¢ Ð Ð 0027.009-2008. ÐÐ°Ð´ÐµÐ¶Ð½Ð¾ÑÑÑ Ð²Ð¾ÐµÐ½Ð½Ð¾Ð¹ ÑÐµÑÐ½Ð¸ÐºÐ¸. ÐÐµÑÐ¾Ð´Ñ Ð¾ÑÐµÐ½ÐºÐ¸ ÑÐ¾Ð¾ÑÐ²ÐµÑÑÑÐ²Ð¸Ñ ÑÑÐµÐ±Ð¾Ð²Ð°Ð½Ð¸ÑÐ¼ Ðº Ð½Ð°Ð´ÐµÐ¶Ð½Ð¾ÑÑÐ¸. --- Ð²Ð²ÐµÐ´. 01.01.2009}},
  year         = {2009}, 
  note = {ÐÐ¾ÑÑÐ´Ð°ÑÑÑÐ²ÐµÐ½Ð½ÑÐ¹ Ð²Ð¾ÐµÐ½Ð½ÑÐ¹ ÑÑÐ°Ð½Ð´Ð°ÑÑ},
  language =     "russian",
}

@Manual{GOST_RV_0027_011-2008,
  title        = {{ÐÐÐ¡Ð¢ Ð Ð 0027.011-2008. ÐÐ°Ð´ÐµÐ¶Ð½Ð¾ÑÑÑ Ð²Ð¾ÐµÐ½Ð½Ð¾Ð¹ ÑÐµÑÐ½Ð¸ÐºÐ¸. Ð¡Ð¸ÑÑÐµÐ¼Ð° ÑÐµÑÐ½Ð¸ÑÐµÑÐºÐ¾Ð³Ð¾ Ð¾Ð±ÑÐ»ÑÐ¶Ð¸Ð²Ð°Ð½Ð¸Ñ. ÐÐ±ÑÐ¸Ð¹ Ð¿Ð¾ÑÑÐ´Ð¾Ðº Ð·Ð°Ð´Ð°Ð½Ð¸Ñ ÑÑÐµÐ±Ð¾Ð²Ð°Ð½Ð¸Ð¹ Ð¸ Ð¾ÑÐµÐ½ÐºÐ¸ Ð¸Ñ Ð²ÑÐ¿Ð¾Ð»Ð½ÐµÐ½Ð¸Ñ. --- Ð²Ð²ÐµÐ´. 01.01.2009}},
  year         = {2009}, 
  note = {ÐÐ¾ÑÑÐ´Ð°ÑÑÑÐ²ÐµÐ½Ð½ÑÐ¹ Ð²Ð¾ÐµÐ½Ð½ÑÐ¹ ÑÑÐ°Ð½Ð´Ð°ÑÑ},
  language =     "russian",
}

@Manual{GOST_RV_29_00_002-2005,
  title        = {{ÐÐÐ¡Ð¢ Ð Ð 29.00.002-2005. Ð¡Ð¸ÑÑÐµÐ¼Ð° ÑÑÐ°Ð½Ð´Ð°ÑÑÐ¾Ð² ÑÑÐ³Ð¾Ð½Ð¾Ð¼Ð¸ÑÐµÑÐºÐ¸Ñ ÑÑÐµÐ±Ð¾Ð²Ð°Ð½Ð¸Ð¹ Ð¸ ÑÑÐ³Ð¾Ð½Ð¾Ð¼Ð¸ÑÐµÑÐºÐ¾Ð³Ð¾ Ð¾Ð±ÐµÑÐ¿ÐµÑÐµÐ½Ð¸Ñ. Ð­ÑÐ³Ð¾Ð½Ð¾Ð¼Ð¸ÑÐµÑÐºÐ¾Ðµ Ð¾Ð±ÐµÑÐ¿ÐµÑÐµÐ½Ð¸Ðµ. ÐÑÐ½Ð¾Ð²Ð½ÑÐµ Ð¿Ð¾Ð»Ð¾Ð¶ÐµÐ½Ð¸Ñ. --- Ð²Ð²ÐµÐ´. 01.01.2006}},
  year         = {2005}, 
  organization = {{Ð¤ÐµÐ´ÐµÑÐ°Ð»ÑÐ½Ð¾Ðµ Ð°Ð³ÐµÐ½ÑÑÐ²Ð¾ Ð¿Ð¾ ÑÐµÑÐ½Ð¸ÑÐµÑÐºÐ¾Ð¼Ñ ÑÐµÐ³ÑÐ»Ð¸ÑÐ¾Ð²Ð°Ð½Ð¸Ñ Ð¸ Ð¼ÐµÑÑÐ¾Ð»Ð¾Ð³Ð¸Ð¸}},
  note = {ÐÐ¾ÑÑÐ´Ð°ÑÑÑÐ²ÐµÐ½Ð½ÑÐ¹ Ð²Ð¾ÐµÐ½Ð½ÑÐ¹ ÑÑÐ°Ð½Ð´Ð°ÑÑ Ð Ð¾ÑÑÐ¸Ð¹ÑÐºÐ¾Ð¹ Ð¤ÐµÐ´ÐµÑÐ°ÑÐ¸Ð¸},
  language =     "russian",
}

@Manual{GOST_RV_52226-2004,
  title        = {{ÐÐÐ¡Ð¢ Ð Ð 52226-2004. Ð£ÑÑÑÐ¾Ð¹ÑÑÐ²Ð° ÑÐ°Ð´Ð¸Ð¾Ð¿ÐµÑÐµÐ´Ð°ÑÑÐ¸Ðµ. Ð¢ÑÐµÐ±Ð¾Ð²Ð°Ð½Ð¸Ñ Ðº Ð¾ÑÐ½Ð¾Ð²Ð½ÑÐ¼ Ð¿Ð°ÑÐ°Ð¼ÐµÑÑÐ°Ð¼ Ð²Ð½ÐµÐ¿Ð¾Ð»Ð¾ÑÐ½ÑÑ Ð¸ Ð¿Ð¾Ð±Ð¾ÑÐ½ÑÑ ÑÐ°Ð´Ð¸Ð¾Ð¸Ð·Ð»ÑÑÐµÐ½Ð¸Ð¹. --- Ð²Ð²ÐµÐ´. 01.07.2004}},
  year         = {2004}, 
  note = {ÐÐ¾ÑÑÐ´Ð°ÑÑÑÐ²ÐµÐ½Ð½ÑÐ¹ Ð²Ð¾ÐµÐ½Ð½ÑÐ¹ ÑÑÐ°Ð½Ð´Ð°ÑÑ Ð Ð¾ÑÑÐ¸Ð¹ÑÐºÐ¾Ð¹ Ð¤ÐµÐ´ÐµÑÐ°ÑÐ¸Ð¸},
  language =     "russian",
}


@Manual{GOST_V_9_003-80,
  title        = {{ÐÐÐ¡Ð¢ Ð 9.003-80. ÐÐ´Ð¸Ð½Ð°Ñ ÑÐ¸ÑÑÐµÐ¼Ð° Ð·Ð°ÑÐ¸ÑÑ Ð¾Ñ ÐºÐ¾ÑÑÐ¾Ð·Ð¸Ð¸ Ð¸ ÑÑÐ°ÑÐµÐ½Ð¸Ñ. ÐÐ¾ÐµÐ½Ð½Ð°Ñ ÑÐµÑÐ½Ð¸ÐºÐ°. ÐÐ±ÑÐ¸Ðµ ÑÑÐµÐ±Ð¾Ð²Ð°Ð½Ð¸Ñ Ðº ÑÑÐ»Ð¾Ð²Ð¸ÑÐ¼. --- Ð²Ð²ÐµÐ´. 01.07.1981}},
  year         = {1980}, 
  note = {ÐÐ¾ÑÑÐ´Ð°ÑÑÑÐ²ÐµÐ½Ð½ÑÐ¹ ÑÑÐ°Ð½Ð´Ð°ÑÑ Ð¡Ð¾ÑÐ·Ð° Ð¡Ð¡Ð },
  language =     "russian",
}

@Manual{GOST_V_20_39_308-76,
  title        = {{ÐÐÐ¡Ð¢ Ð 20.39.308-76. ÐÐ¾Ð¼Ð¿Ð»ÐµÐºÑÐ½Ð°Ñ ÑÐ¸ÑÑÐµÐ¼Ð° Ð¾Ð±ÑÐ¸Ñ ÑÐµÑÐ½Ð¸ÑÐµÑÐºÐ¸Ñ ÑÑÐµÐ±Ð¾Ð²Ð°Ð½Ð¸Ð¹. ÐÐ¿Ð¿Ð°ÑÐ°ÑÑÑÐ°, Ð¿ÑÐ¸Ð±Ð¾ÑÑ, ÑÑÑÑÐ¾Ð¹ÑÑÐ²Ð° Ð¸ Ð¾Ð±Ð¾ÑÑÐ´Ð¾Ð²Ð°Ð½Ð¸Ðµ Ð²Ð¾ÐµÐ½Ð½Ð¾Ð³Ð¾ Ð½Ð°Ð·Ð½Ð°ÑÐµÐ½Ð¸Ñ. ÐÐ±ÑÐ¸Ðµ ÑÐµÑÐ½Ð¸ÑÐµÑÐºÐ¸Ðµ ÑÑÐµÐ±Ð¾Ð²Ð°Ð½Ð¸Ñ, Ð¼ÐµÑÐ¾Ð´Ñ ÐºÐ¾Ð½ÑÑÐ¾Ð»Ñ Ð¸ Ð¸ÑÐ¿ÑÑÐ°Ð½Ð¸Ð¹.  --- ÐÐ·Ð°Ð¼ÐµÐ½ ÐÐÐ¡Ð¢ Ð 9.003-72; Ð²Ð²ÐµÐ´. 01.01.78}},
  year         = {1978}, 
  note = {ÐÐ¾ÑÑÐ´Ð°ÑÑÑÐ²ÐµÐ½Ð½ÑÐ¹ ÑÑÐ°Ð½Ð´Ð°ÑÑ Ð¡Ð¾ÑÐ·Ð° Ð¡Ð¡Ð },
  language =     "russian",
}

@article{WendelARobustTechnique,
author = {Wendel, Jan and Schubert, Frank and Hager, S.},
year = {2014},
month = {09},
pages = {},
title = {A Robust Technique for Unambiguous BOC Tracking},
volume = {61},
journal = {Navigation},
doi = {10.1002/navi.62},
language =     "russian",
}

@inbook{SimskyExperimentalGalileoReceivers,
author = {Simsky, Andrew and Sleewaegen, Jean-Marie},
year = {2015},
month = {09},
pages = {273-288},
title = {Experimental and Professional Galileo Receivers},
isbn = {978-94-007-1829-6},
doi = {10.1007/978-94-007-1830-2_12},
language =     "russian",
}
